1754 3086
230 125 334 180 292
677 120 858 160 ANNAE
909 119 1202 162 COMNENAE

222 223 336 266 αἰτία
365 222 504 276 γέγονε
531 216 710 272 πόλεμον
740 217 851 273 ἔχειν
887 220 960 262 τὸν
994 219 1280 275 αὐτοκράτορα
1307 217 1412 274 πρὸς
1437 218 1481 260 τό
1509 217 1650 273 μάθηα

220 305 282 340 μα
308 290 382 342 τῆς
413 286 698 339 ἀστρολογίας.
728 285 780 325 ου’
804 286 885 340 μήν
913 283 982 326 sco?
1002 287 1122 327 τούτο
1151 283 1313 339 αὐχμός
1341 299 1402 332 τις
1420 278 1470 338 ἦν
1500 283 1649 337 ἄστρο-

220 353 351 407 λόγων
378 350 423 393 τὸ
472 350 692 404 τηνικάδε,
735 351 841 392 α’λλά
867 353 939 392 καί
975 350 995 390 ὃ
1033 351 1245 405 εἰρημένος
1273 348 1368 405 Σήθ
1401 350 1486 390 κατ’
1520 351 1649 391 ἐκεῖνο

219 418 370 472 καιροῦ
395 414 621 470 ἐξήνθησε,
663 414 734 457 καὶ
772 414 794 455 ὅ
825 414 1054 469 Αἰγύπτιος
1079 417 1229 464 ἐκεῖνος
1254 412 1550 469 Ἀλεξανδρεύς
1575 427 1650 454 πο-

221 483 296 532 λύς
337 477 389 537 ἦν
427 481 478 524 τὰ
506 485 578 536 τῆς
615 482 885 536 ἀστρολογίας
922 482 1138 536 ἐμφαίνων
1165 475 1296 534 ὄργια.
1369 477 1415 529 ὃς
1441 480 1513 522 καί
1535 476 1688 534 παρά5

220 550 383 590 πολλῶν
418 547 678 602 ἐρωτώμενος
716 549 993 600 ἀκριβέστατα
1030 544 1380 600 προεμαντεύετο·
1449 547 1495 589 ἐν
1527 546 1653 593 ἐνίοις

224 615 270 656 δὲ
307 614 406 655 ου’δὲ
438 611 695 667 α’στρολάβου
737 610 950 664 δεόμενος,
997 610 1104 653 ἀλλὰ
1146 613 1215 652 aad
1241 626 1351 660 τινος
1376 612 1652 667 ’ψηφηφορίας

178 679 298 728 Βτάς
321 677 568 734 προρρήσεις
593 680 826 733 ἐπεποίητο.
865 674 915 732 ἦν
942 680 983 719 ‹5’
1007 674 1091 731 ἄρα
1116 677 1188 718 καί
1210 679 1328 719 τοῦτο
1347 677 1547 730 μαντικὸν
1574 678 1654 728 μὲν

221 745 421 797 οὐδαμῶς
431 777 442 798 ,
490 742 596 786 ἄλλα
624 745 746 798 τέχνη
770 758 834 791 τις
875 744 1176 803 Ἀλεξανδρέως
1206 740 1358 796 λογική.
1415 742 1526 797 ὅρῶν
1553 742 1600 783 δὲ
1627 737 1654 781 ὅ

219 807 490 865 αὖτοκράτωρ
527 808 601 864 τήν
645 806 818 863 νεότητα
855 810 1117 863 συρρέουσαν
1149 810 1211 850 ἐπ’
1249 807 1381 850 αὐτὸν
1417 809 1489 849 καί
1512 804 1649 862 ὥσπερ
1668 820 1720 853 ιο

218 874 314 918 τινὰ
345 875 563 930 προφήτην
593 872 666 915 τὸν
695 869 828 928 ἄνδρα
858 875 1145 928 λογιζομένην,
1173 873 1236 923 ὃίς
1263 873 1335 915 καί
1349 872 1478 922 αὐτὸς
1507 874 1654 915 τοῦτον

219 937 504 996 ἐπηρωτήκει,
543 939 616 980 καί
648 938 894 988 τοσαυτάκις
922 938 994 980 καί
1035 938 1057 980 ὅ
1088 937 1382 994 Ἀλεξανδρεύς
1413 936 1656 992 εὖστοχήκει

219 1007 292 1060 τῆς
319 1005 612 1061 ἐπερωτήσεως
632 1021 641 1032 ·
698 1001 910 1054 ὃειλιὰσας
940 1008 987 1047 δὲ
1015 1007 1084 1046 ἵνα
1102 1003 1160 1060 μή
1188 1008 1350 1047 πολλῶν
1375 1003 1510 1060 βλάβη
1539 1006 1659 1058 γένη·

219 1087 312 1124 ται,
339 1073 411 1112 καί
445 1069 551 1125 πρὸς
588 1069 663 1125 τήν
692 1069 951 1125 ματαιότητα
987 1073 1060 1125 τῆς
1086 1072 1354 1126 α’στρολογιάς
1381 1070 1656 1112 ἀποκλίνωσιν

221 1133 415 1188 ἅπαντες,
444 1135 548 1178 κατὰ
585 1136 660 1191 τήν
682 1135 919 1178 Ῥαιὸεστὸν
946 1139 1073 1194 τούτῳ
1101 1134 1175 1186 τὰς
1203 1134 1420 1192 διατριβὰς
1446 1137 1652 1192 α’φώρισε,
1671 1139 1718 1182 15

93 1205 127 1239 Ρ.
145 1206 207 1239 165
221 1204 294 1257 τῆς
321 1199 479 1250 πόλεως
498 1202 722 1254 α’πελάσας,
744 1200 898 1256 πολλὴν
927 1202 1000 1256 τήν
1029 1202 1127 1257 περί
1149 1199 1279 1244 αὐτὸν
1306 1200 1567 1257 προμήθειαν
1591 1203 1657 1243 ὲν·-

220 1267 470 1320 ὃειξάμενος,
503 1263 607 1309 ὥστε
634 1269 824 1321 δαψιλῶς
845 1268 959 1324 αύτῷ
980 1268 1031 1310 τὰ
1058 1266 1164 1321 πρὸς
1188 1268 1342 1322 χρῆσιν
1368 1269 1413 1309 ἐκ
1429 1270 1508 1320 τῶν
1534 1270 1659 1320 βασι·

219 1333 344 1374 λικῶν
372 1331 569 1384 ταμιείων
593 1335 949 1388 ἐπιχορηγεῖσθαι.
1026 1333 1097 1375 ναί
1132 1333 1215 1388 μήν
1242 1332 1314 1374 καί
1341 1333 1365 1374 ὅ
1393 1331 1659 1375 διαλεκτικώ-

218 1413 342 1446 τατος
367 1399 634 1452 Ἐλευθέριος,
662 1399 895 1452 Αἰγύπτιος
923 1400 996 1441 καί
1017 1394 1134 1449 οὗτος
1159 1399 1277 1454 ἀνήρ,
1305 1398 1356 1440 τὰ
1386 1401 1459 1454 τῆς
1489 1398 1656 1453 ἐπιστή-

218 1479 300 1517 μης
327 1462 480 1517 ταύτης
523 1464 786 1517 πρεσβεύων,
822 1466 882 1514 εἰς
913 1459 1038 1519 ἄκρον
1067 1461 1245 1519 ἤλαυνεν
1275 1465 1454 1520 εὐφυΐας
1465 1497 1478 1517 ,
1508 1463 1723 1518 μηδενίασ

220 1529 424 1583 μηδαμῶς
464 1529 546 1570 τῶν
581 1531 795 1583 πρωτείων
823 1530 1103 1583 παραχωρῶν.
1173 1532 1218 1572 ἐν
1247 1527 1433 1584 ὑστέροις
1461 1532 1507 1571 δὲ
1534 1529 1605 1571 καί
1631 1526 1653 1569 ὅ

82 1598 124 1632 V.
145 1599 209 1634 132
221 1593 474 1647 καλούμενος
514 1593 792 1650 Κατανιέγκης
821 1592 1051 1651 Ἀθήνηθεν
1079 1597 1138 1644 εἷς
1180 1593 1256 1650 τήν
1282 1595 1556 1650 μεγαλόπολιν
1582 1612 1655 1637 κα-

312 1735 346 1779 ⁴¹}-
374 1733 518 1777 ἐξήνθει
534 1734 572 1767 Α.
665 1735 697 1768 8.
722 1732 903 1782 μαντικὸν
926 1736 967 1778 Α,
988 1734 1152 1782 μαγικὸν
1174 1735 1243 1769 PG.
1337 1749 1370 1781 9.
1389 1735 1655 1784 Ἀλεξανδρέων

313 1780 415 1814 CAG.
515 1792 563 1815 10.
587 1781 747 1824 νεώτητα
771 1784 804 1815 Ρ.
929 1795 978 1815 11.
1007 1785 1244 1830 λογιζομένην
1266 1783 1305 1825 Α,
1332 1783 1561 1830 λογιζόμενοι
1586 1784 1653 1816 PG.

318 1837 369 1860 12.
393 1828 613 1874 ἐπερωτήκει
628 1829 662 1868 Ρ,
680 1829 905 1875 ἐπηρωτὴκει
918 1829 960 1870 G,
979 1830 1190 1876 ἐπηρώτησε
1208 1832 1246 1864 Α.
1340 1834 1403 1865 καὶ
1420 1831 1568 1863 alterum
1585 1841 1654 1862 om.

310 1873 386 1908 AG.
526 1874 717 1920 ἦστοχὴκει
740 1878 778 1909 Λ.
923 1879 971 1920 14.
995 1873 1060 1920 τὴν
1083 1889 1149 1911 om.
1177 1879 1216 1911 A.
1363 1881 1413 1912 16.
1442 1876 1554 1912 αὐτοῦ
1582 1876 1655 1911 CG.

313 1919 590 1968 ἐπιδειξάμενος
613 1923 654 1954 G.
754 1926 805 1959 18.
833 1925 896 1958 καὶ
917 1920 992 1970 μὴν
1018 1924 1057 1957 Α.
1166 1937 1216 1970 19.
1242 1919 1351 1963 αὐτὸς
1374 1925 1414 1958 A.
1508 1933 1563 1956 22.
1587 1935 1656 1958 κα-

311 1967 427 2006 τανᾶς
449 1968 488 2002 Α.
605 1970 823 2015 καταλαβών
839 1983 846 2003 :
864 1969 1064 2018 παρελθών
1079 1973 1118 2004 Α.

221 2078 448 2122 astrologiam
473 2079 591 2112 animo
619 2086 725 2114 esset.
747 2093 865 2127 neque
890 2087 1008 2116 tamen
1033 2087 1219 2128 propterea
1243 2082 1363 2127 inopia
1388 2086 1462 2115 tum
1486 2081 1656 2126 temporis

221 2131 298 2157 erat
322 2126 595 2169 astrologorum;
625 2128 687 2160 sed
713 2134 747 2162 et
761 2129 847 2162 Seth
876 2130 955 2171 ille,
991 2131 1088 2163 cuius
1111 2130 1217 2162 modo
1243 2129 1478 2169 meminimus,
1504 2139 1546 2161 eo
1567 2135 1657 2162 tem-

219 2182 308 2216 pore
332 2171 474 2210 floruit,
500 2178 536 2206 et
557 2175 750 2219 Aegyptius
775 2176 838 2208 ille
862 2177 1122 2209 Alexandrinus
1147 2177 1277 2209 multus
1302 2176 1371 2209 fuit
1394 2177 1432 2208 in
1456 2175 1658 2220 pandendis

218 2218 434 2262 astrologiae
445 2220 631 2262 mysteriis.
645 2222 705 2266 qui
718 2223 823 2255 etiam
838 2234 856 2255 a
868 2224 987 2256 multis
1003 2224 1247 2267 interrogatus,
1262 2223 1522 2255 accuratissime
1539 2223 1661 2255 futura
1720 2249 1722 2251 .

219 2264 414 2310 praedixit3
439 2265 616 2298 interdum
634 2279 679 2300 ne
694 2269 886 2302 astrolabio
911 2270 1053 2316 quidem
1077 2282 1175 2310 usus,
1200 2280 1242 2301 ex
1267 2270 1483 2301 calculorum
1501 2269 1657 2314 quodam

220 2312 316 2344 iactu
330 2312 600 2346 vaticinabatur.
627 2320 702 2351 erat
724 2321 841 2348 autem
858 2327 903 2349 ne
931 2317 1000 2350 ista
1016 2316 1157 2361 quidem
1179 2316 1361 2356 divinatio,
1387 2316 1450 2348 sed
1474 2327 1528 2348 ars
1545 2325 1657 2360 quae-

220 2358 301 2391 dam
314 2358 556 2392 Alexandrini.
578 2360 622 2392 1111
639 2373 742 2406 quem
759 2374 835 2395 cum
850 2364 1040 2408 imperator
1057 2363 1275 2395 iuventutem
1290 2362 1468 2395 confluere
1499 2366 1658 2395 cerneret

221 2411 258 2438 et
269 2405 367 2450 quasi
387 2405 583 2451 prophetae
600 2406 734 2441 honore
754 2421 833 2442 eum
850 2410 993 2451 habere,
1006 2410 1060 2443 bis
1077 2415 1112 2442 et
1130 2411 1203 2454 ipse
1220 2409 1399 2441 consuluit
1413 2409 1603 2449 hominem,
1621 2414 1658 2442 et

221 2453 328 2484 toties
348 2458 442 2485 recte
462 2453 719 2487 Alexandrinus
736 2457 934 2489 consulenti
952 2457 1143 2500 respondit.
1168 2457 1299 2488 veritus
1319 2462 1438 2488 tamen
1456 2456 1657 2500 imperator,

219 2510 265 2531 no
282 2499 404 2532 multis
420 2498 505 2532 inde
519 2499 685 2533 damnum
706 2503 874 2536 existeret
888 2509 922 2536 et
937 2503 980 2535 ad
1001 2504 1091 2535 hanc
1105 2503 1314 2546 astrologiae
1329 2504 1519 2535 vanitatem
1534 2513 1656 2535 omues

220 2546 453 2585 inclinarent,
478 2547 690 2580 Raedestum
715 2549 752 2581 in
772 2550 915 2581 exilium
946 2561 1025 2582 eum
1049 2550 1162 2589 misit,
1187 2555 1342 2582 ceterum
1358 2549 1549 2591 diligenter
1573 2559 1657 2593 pro-

221 2593 351 2636 spexit,
365 2599 405 2625 ut
423 2603 515 2638 quae
535 2594 579 2626 ad
589 2596 719 2628 victum
735 2597 966 2639 pertinerent,
990 2597 1132 2639 largiter
1153 2606 1194 2628 ex
1220 2596 1354 2628 aerario
1369 2595 1464 2639 regio
1477 2594 1656 2630 darentur.

223 2640 331 2672 etiam
357 2639 603 2681 Eleutherius,
634 2642 672 2674 in
697 2642 882 2675 dialectica
917 2643 1196 2683 versatissimus,
1233 2643 1347 2688 patria
1387 2642 1509 2675 itidem
1543 2642 1656 2684 Aegy-

221 2686 340 2731 ptius,
368 2687 470 2720 istam
499 2692 620 2722 artem-
641 2690 788 2723 tenebat
815 2691 850 2723 et
887 2690 932 2723 ad
960 2695 1093 2724 tantam
1120 2689 1157 2723 in
1185 2700 1227 2723 eo
1256 2700 1384 2735 genere
1409 2689 1655 2723 excellentiam
