1754 3086
200 155 289 193 xv!
634 153 894 195 LUDOVlCl
935 153 1202 196 SCIIOPENI

201 247 302 309 pite
337 245 516 293 mutila.
588 244 781 293 Constat
816 247 939 293 soliis
983 257 1108 294 octo.
1190 248 1257 295 Ita
1291 249 1485 312 incipit:
1528 253 1647 315 χρή-

199 345 338 388 ματα
377 325 558 389 ἀρκετὰ
604 323 718 381 δοὺς
771 330 924 390 αὐτῷ·
1011 325 1135 375 ὅταν
1177 330 1383 383 τούτους
1431 331 1646 396 ἀγοράσῃ

198 409 279 454 καὶ
298 408 592 473 ἐλευθερώσῃ
610 409 799 472 γράψας
824 409 905 455 καὶ
939 411 1063 474 πρὸς
1085 411 1174 458 τὸν
1211 416 1454 477 Αμεριμνῆ
1487 414 1647 460 πολλὰ

197 490 304 553 περὶ
337 491 536 536 τούτων.
639 494 679 537 Ο
717 488 770 538 δὲ
805 493 1030 540 ἀπελθὼν
1074 493 1155 539 καὶ
1190 493 1277 548 τὰς
1310 494 1500 559 γραφὰς
1535 493 1647 549 δοὺς

196 572 280 619 καὶ
313 573 616 635 ὑπαναγνοὺς
651 573 795 638 χωρὶς
823 578 990 635 τιμῆς,
1039 573 1248 621 ἀπέδωκε
1284 577 1398 630 τοὺς
1432 576 1645 638 κόμητας

196 652 419 709 ἅπαντας
454 653 566 702 ἄνευ
600 660 691 702 τοῦ
726 660 764 703 Γ
766 659 1000 722 οντοφρὲ·
1035 660 1213 704 ἐκεῖνον
1241 658 1330 722 γὰρ
1353 659 1644 724 προέφθασε

194 737 414 791 πωλῆσαι
458 737 575 801 πρὸς
622 738 710 785 τὸν
748 734 969 802 ἀδελφὸν
1015 742 1170 786 αὐτοῦ
1213 741 1302 787 τὸν
1331 737 1643 788 Βαλδουῖνον.

194 821 435 874 ἐλθόντας
469 818 522 867 δὲ
561 821 673 875 τοὺς
698 822 912 882 κόμητας
947 824 1012 876 εἰς
1045 823 1132 876 τὴν
1167 823 1493 885 μεγαλόπολιν
1521 822 1645 870 ἐντί-

194 921 287 965 μως
327 905 353 948 ὁ
395 903 627 967 βασιλεὺς
671 901 967 960 ἀπεδέξατο·
1049 905 1131 951 καὶ
1172 907 1410 969 χρήματα
1452 902 1646 959 ἐπιδοὺς

193 986 274 1032 καὶ
304 986 599 1039 ἀναπαύσας
633 986 759 1046 μετὰ
788 989 947 1052 χαρᾶς
991 985 1327 1043 ἐξαπέστειλεν
1362 990 1427 1043 εἰς
1460 989 1527 1035 τὰ
1561 990 1645 1035 αὐ-

192 1073 285 1115 τῶν
322 1068 551 1122 ὀσπήτια.
619 1071 659 1114 O
697 1064 749 1114 δὲ
779 1070 1028 1132 Γοντοφρέ
1062 1070 1211 1117 πάλιν
1247 1066 1360 1126 δοὺξ
1395 1073 1440 1125 ἐς
1473 1071 1540 1116 τὰ
1574 1075 1644 1117 Ιε-

194 1151 450 1215 ροσόλυμα
485 1151 934 1206 ἀποκατασταθεὶς,
971 1151 1059 1199 τόν
1086 1150 1305 1216 ἀδελφόν
1340 1152 1495 1199 αὐτοῦ
1511 1155 1644 1199 Βαλ-

191 1229 383 1280 δουῖνον
415 1234 702 1280 ἀπέστειλεν
728 1221 792 1286 εἰς
826 1229 1031 1280 Εδεσαν.
1081 1235 1217 1294 Quae
1242 1237 1388 1284 verba
1422 1235 1643 1285 incidunt

191 1318 240 1364 in
283 1316 396 1363 edit.
417 1316 562 1363 Paris.
589 1333 637 1379 p.
656 1319 764 1364 328.
787 1317 842 1363 D.
879 1317 1004 1364 Finis
1038 1317 1119 1364 hic
1153 1327 1244 1365 est:
1290 1318 1392 1380 Εγὼ
1412 1318 1527 1383 πρὸς
1551 1318 1641 1372 τὴν

191 1397 324 1446 ἰδίαν
354 1395 508 1454 ἦλθον
537 1398 703 1462 χώραν
730 1399 855 1445 κακὰ
889 1399 1019 1445 κατὰ
1055 1417 1146 1445 σου
1170 1399 1526 1463 βουλευόμενος·
1563 1399 1642 1447 ἐπὶ

188 1485 340 1527 τοῦτο
375 1481 463 1545 γάρ
493 1480 575 1526 καὶ
610 1477 698 1538 ζων
728 1481 817 1535 τὴν
866 1481 1122 1543 Ρωμανίαν
1141 1480 1370 1546 ἐτάραξα.
1404 1483 1486 1529 καὶ
1521 1484 1642 1529 ἀπο-

190 1563 354 1610 &melna
391 1563 541 1610 πάλιν
591 1563 748 1624 μέλλω
787 1562 1010 1626 ταράξαι.
1092 1567 1329 1611 Ενταῦθα
1363 1565 1451 1629 γὰρ
1485 1565 1640 1612 ἐλθὼν

190 1645 360 1692 πᾶσαν
398 1646 486 1700 τὴν
529 1642 888 1709 Λογγιβαρδίαν
937 1646 1018 1692 καὶ
1070 1647 1183 1700 τοὺς
1221 1647 1508 1711 Νορμανοὺς
1557 1646 1640 1693 καὶ

193 1729 307 1781 τοὺς
348 1728 585 1793 Φράγγους
643 1727 726 1772 καὶ
772 1728 1062 1789 Αλαμοίνους
1105 1729 1233 1774 κατὰ
1288 1727 1379 1774 σοῦ
1420 1728 1503 1774 καὶ
1545 1732 1639 1775 τῶν

194 1809 287 1857 σῶν
323 1814 486 1875 χωρῶν
519 1810 708 1863 κινήσω.
778 1806 857 1862 ἕως
892 1807 951 1856 ὀὲν
984 1811 1044 1856 τὸ
1080 1811 1306 1874 κοντάριν
1323 1828 1418 1872 μου
1452 1813 1518 1864 εἰς
1551 1811 1640 1864 τὴν

192 1892 336 1939 πόλιν
372 1889 510 1947 πήξω.
547 1893 610 1944 εἰς
644 1893 895 1945 τοσαύτην
931 1891 1222 1950 ἀλαζονείαν
1246 1894 1425 1956 ἐπήρθη
1462 1895 1488 1938 ὁ
1521 1892 1640 1956 βάρ-

193 1974 350 2039 βαρος.
418 1975 499 2020 His
532 1976 852 2037 subscriptum
890 1986 975 2022 est:
1017 1978 1229 2021 TEAOC
1266 1974 1638 2023 ΑΛΕΞΙΑΔΟΟ

194 2055 595 2103 ΕΝΔΕΚΑΤΗΟ.
665 2059 768 2119 Ipse
794 2058 1062 2104 Gronovius
1089 2058 1183 2103 iam
1202 2058 1392 2120 pridem
1429 2059 1479 2104 in
1501 2057 1638 2103 Obss.

195 2141 265 2187 IV.
295 2141 368 2186 19.
406 2156 453 2202 p.
485 2136 595 2185 747.
634 2138 731 2207 cluo
771 2156 824 2185 ex
870 2140 1001 2185 hisco
1040 2141 1271 2202 Epitomis
1318 2141 1519 2203 protulit
1547 2139 1640 2185 fra—

196 2231 414 2285 gmenta,
451 2237 575 2283 quae
608 2221 761 2266 visum
798 2231 866 2266 ost
899 2222 979 2267 hic
1024 2238 1295 2283 apponere,
1334 2238 1431 2283 quo
1468 2221 1642 2266 certius

197 2305 470 2350 libellorum
506 2303 707 2348 istorum
741 2304 861 2349 ratio
900 2312 1224 2366 cognoscatur.
1262 2305 1641 2366 „Fragmentum‚

200 2387 382 2448 inquit,
425 2383 675 2430 Alexiados
721 2383 885 2431 Annae
940 2384 1214 2430 Comnenae
1260 2386 1538 2431 translatum
1588 2385 1641 2430 in

197 2469 408 2531 linguam
442 2467 682 2531 vulgarem
719 2465 909 2512 Graecis
944 2476 1052 2513 ante
1089 2476 1275 2529 captam
1299 2465 1640 2512 Constantino-

197 2550 378 2612 polim,
407 2549 490 2596 lib.
518 2552 592 2595 13.
628 2546 938 2600 εἰσελθόντος
985 2545 1037 2593 δὲ
1071 2551 1154 2599 τῆς
1179 2548 1351 2600 τέντας
1386 2547 1520 2600 ἐντός
1550 2546 1638 2598 τὴν

200 2634 346 2693 χεῖρα
379 2629 611 2691 ἁπλώσας
655 2630 681 2674 ὁ
710 2628 966 2693 βασιλεὺς,
1010 2628 1091 2673 καὶ
1127 2629 1213 2681 τὴν
1247 2630 1428 2673 τούτου
1462 2629 1640 2692 κρατή-

203 2729 293 2766 σας
323 2715 496 2777 χεῖρα·
565 2711 647 2758 καὶ
692 2711 780 2759 τὸν
819 2711 1032 2776 βασιλέα
1071 2713 1493 2775 προσκυνήσαντος
1527 2709 1640 2756 ἑκεί-
