1754 3086
239 80 354 148 406
705 104 887 146 ANNAE
925 104 1219 147 commin

1096 199 1168 215 ut!

237 197 529 253 ἀναψύχοντες
556 196 693 243 ὕδατι.
737 201 774 244 οἱ
794 205 840 244 δὲ
861 203 1012 258 μικρὸν
1038 219 1112 244 του
1139 205 1292 251 νδατος
1308 201 1532 256 σπώμενοι,
1551 198 1677 252 αὖθις

235 266 307 316 τῆς
322 265 461 319 μάχης
489 266 742 320 ἀντείχοντο.
772 270 844 310 καί
872 263 922 322 ἦν
951 270 1056 310 ἰδεῖν
1084 270 1225 320 θέαμα
1251 269 1403 320 καινόν,
1422 266 1544 317 ἔθνος
1564 265 1673 318 ὅλον,

236 331 287 368 ου’
314 329 658 384 μυριάνδρωπον,
691 333 779 374 ἀλλ’
801 331 987 386 α’ριθμὸν
1014 330 1182 374 ἅπαντα
1201 330 1467 387 ὖπερβαῖνον,
1496 331 1574 374 σύν
1599 349 1673 387 γυ-

235 394 348 444 ναιξί
373 396 446 436 καί
475 398 633 444 τέκνοις
665 392 800 452 ἄρδην
827 397 931 438 κατὰ
964 399 1134 452 ταυτηνὶ
1162 397 1236 453 την
1263 398 1421 452 ἡμέραν
1448 397 1674 447 ἀπολωλός.

233 454 286 512 ἦν
313 460 359 501 δὲ
386 460 517 515 μηνὸς
542 462 760 515 Ἀπριλίου
792 461 952 516 εἰκοστὴ
979 462 1084 514 πρὸς
1109 465 1161 518 τῇ
1188 464 1333 520 ἑννάτῃ
1363 463 1521 519 ἡμέρᾳ,
1555 464 1710 519 τρίτη5

234 527 281 565 δὲ
307 527 381 579 τῆς
410 523 652 579 ἑβδομάδος.
720 526 840 569 ἔνθεν
867 544 932 570 τοι
972 528 1045 569 καί
1071 529 1282 586 παρῴδιόν
1309 546 1350 570 τι
1382 527 1419 570 οἱ
1448 530 1674 580 Βυζάντιοι

233 591 397 650 ἐπῇδον,
427 590 654 648 φάσκοντες
682 592 793 634 “διὰ
834 595 936 646 μίαν
965 593 1124 648 ἡμέραν
1159 593 1197 635 οἱ
1226 592 1390 636 Σκύθαι
1427 594 1499 636 τὸν
1527 593 1676 636 ,Μάϊον

235 659 311 701 οιῖκ
342 653 490 700 eidam?
519 657 612 699 ἐπεὶ
635 660 682 699 δὲ
712 656 733 699 ὅ
766 655 882 713 ἥλιος
901 658 1005 714 πρὸς
1031 660 1210 711 δυσμαῖς
1238 655 1316 714 ἤδη
1346 655 1411 714 ἦν,
1439 661 1512 701 καί
1538 657 1674 700 ἅπαν-

188 735 298 774 Ὀτες
328 729 406 777 μὲν
433 725 566 780 ’ξιφῶν
593 722 714 778 ἔργον
732 722 934 777 γεγόνασι,
966 724 1035 764 καί
1062 725 1112 765 τά
1144 727 1260 766 τέκνα
1283 724 1394 780 φημί
1421 724 1494 765 καί
1521 723 1565 766 αἱ
1593 741 1674 778 μη-

232 793 358 846 τέρες,
391 793 535 832 πολλοί
562 791 608 831 δὲ
635 792 708 831 καί
730 792 908 844 ζωγριάν
936 790 1194 846 ἐλήφθησαν,
1230 789 1273 832 τὸ
1305 791 1576 846 ἀνακλητικὸν
1610 807 1673 832 κε-
1691 806 1729 832 ιο

234 857 386 905 λεύσας
415 856 437 897 ὅ
471 854 741 910 αὐτοκράτωρ
785 858 960 909 η’χῆσαι,
992 855 1093 910 πρὸς
1130 856 1206 910 τὴν
1237 857 1351 897 ἰδίαν
1378 856 1565 899 ἐπάνεισι
1593 874 1674 898 πα·

233 923 450 977 ρεμβολην.
519 923 590 962 καί
626 918 678 975 ἦν
716 923 771 976 τῷ
802 923 1065 963 κατανοοῦντι
1106 924 1254 973 θαῦμα
1297 923 1480 974 ἰδέσθαι,
1522 923 1609 971 πῶς
1637 921 1674 964 οἱ

235 988 367 1029 πάλαι
395 987 497 1028 κατὰ
529 988 614 1028 τῶν
635 989 812 1028 Σκυθῶν
832 986 1101 1039 ἐξερχόμενοι
1130 985 1315 1027 καλώδια
1347 989 1424 1028 τοῦ
1441 989 1674 1039 Βυζαντίου

235 1050 506 1104 ἐξωνούμενοι
538 1054 611 1094 καί
637 1050 838 1106 ἱμάντας,
871 1053 923 1093 δι’
951 1047 1009 1093 ὧν
1049 1052 1262 1103 δεσμώτας
1297 1048 1437 1106 ἄγοιεν
1474 1052 1570 1101 τούς
1592 1054 1676 1094 τῶν

237 1119 412 1159 Σκυθῶν
440 1115 673 1165 ἑαλωκότας
689 1150 701 1170 ,
747 1117 988 1160 τούναντίον
1023 1119 1279 1159 πεπόνθασιν
1294 1152 1306 1171 ,
1344 1119 1470 1160 αὐτοί
1490 1134 1533 1160 τε
1559 1118 1674 1172 παρὰ
1694 1117 1734 1158 15

107 1190 225 1234 P.234
237 1186 318 1225 τῶν
345 1186 520 1225 Σκυθῶν
548 1181 776 1232 ἓαλωκότες
807 1185 880 1226 καί
907 1185 1120 1236 δεσμῶται
1149 1182 1375 1237 γενόμενοι.
1405 1182 1511 1225 ἀλλὰ
1540 1186 1678 1225 ταῦτα

234 1252 314 1301 μὲν
341 1249 455 1300 τότε,
481 1246 674 1302 ’ὁπηνίκα
722 1249 825 1290 κατὰ
853 1248 928 1303 την
958 1252 1173 1302 Δρίστραν
1216 1247 1236 1290 ὅ
1260 1250 1366 1300 μετά
1393 1251 1474 1290 τῶν
1501 1250 1678 1291 Σκυθῶν

236 1317 375 1368 γέγονε
404 1312 606 1366 πόλεμος·
679 1314 750 1354 καί
789 1313 868 1367 γὰρ
914 1313 959 1354 τὸ
989 1312 1194 1369 φρύαγμα
1231 1314 1317 1355 τότε
1356 1317 1439 1356 τῶν
1458 1314 1679 1366 Ῥωμαίων

239 1383 409 1421 καθεῖλε
437 1379 551 1429 θεὸς.
624 1381 669 1421 ἐν
698 1377 884 1431 ὑστέροις
910 1381 985 1430 δέ,
1015 1383 1109 1419 καθ’
1151 1377 1197 1419 ὃν
1234 1379 1481 1434 ὖφηγοῦμαι
1523 1378 1676 1433 καιρόν,

242 1442 414 1498 ὁπηνίκα
444 1446 648 1498 περιδεεῖς
676 1444 849 1493 τούτους
882 1443 984 1496 ἔγνω
1012 1445 1084 1484 καί
1120 1444 1195 1491 τὰς
1227 1444 1443 1494 σωζούσαις
1470 1445 1678 1486 α’πολελω-
1691 1460 1738 1487 20

242 1507 358 1559 κότας
381 1511 568 1564 ἐλπίδας,
599 1507 703 1565 πρὸς
729 1509 914 1551 τοσαῦτα
942 1508 1082 1564 πλήθη
1117 1508 1174 1563 μη
1205 1507 1482 1563 ὲξισχύοντας,
1510 1509 1587 1565 τὴν
1618 1512 1678 1552 νί-

342 1669 367 1689 ι.
397 1654 504 1691 ὕδατι
520 1653 616 1699 ἦσαν
633 1653 718 1694 τοὺς
733 1658 794 1698 τῆς
811 1656 930 1698 δεινῆς
945 1669 1020 1692 των
1036 1656 1186 1691 σκυθῶν
1200 1655 1326 1703 χειρὸς
1341 1651 1474 1696 αὐτοὺς
1491 1656 1676 1692 ἀπαλλάτ-

337 1715 467 1741 τοντας
490 1704 530 1736 Α.
629 1705 666 1738 οἱ
691 1703 730 1737 δὲ
756 1704 980 1747 στρατιῶται
1001 1702 1089 1741 ἄκος
1116 1699 1156 1737 τὸ
1181 1699 1255 1738 ἀπὸ
1279 1704 1342 1738 τοῦ
1358 1702 1491 1743 ὕδατος
1513 1706 1678 1740 ἐπισπά-

335 1761 455 1797 μενοι,
480 1749 591 1784 πάλιν
615 1750 676 1792 τῆς
698 1749 817 1796 μάχης
840 1751 880 1782 A.
978 1751 1008 1782 5.
1033 1744 1108 1796 μὴν
1132 1749 1320 1795 ιῖπρίλλιος
1344 1751 1486 1798 εἰκοστῇ
1506 1752 1544 1784 Α.
1644 1764 1675 1795 7.

337 1797 479 1843 ἡμέραν
502 1793 567 1831 τὸν
589 1798 706 1843 μάῖον
730 1799 767 1830 οἱ
790 1796 926 1830 σκύθαι
949 1794 1014 1832 τὸν
1034 1796 1151 1843 μάϊον
1174 1798 1248 1830 AG.
1353 1809 1404 1831 ιο.
1438 1800 1600 1844 ζωγρίαν
1625 1801 1650 1831 Α
1667 1824 1677 1839 ,

338 1846 475 1890 ζωγρία
501 1843 571 1876 PG.
713 1844 942 1889 ἐλείφθησαν
967 1844 1010 1876 G.
1143 1855 1191 1876 ιι.
1221 1839 1285 1886 τὴν
1309 1855 1375 1877 om.
1402 1845 1436 1885 P,
1461 1844 1544 1878 add.
1574 1846 1675 1878 CAG.

343 1891 394 1922 13.
421 1889 537 1922 scribe
562 1890 627 1924 τοῦ
652 1890 855 1930 Βυζαντίου
889 1889 1065 1924 καλώδια.
1113 1889 1277 1924 καλώδια
1303 1891 1351 1933 C,
1375 1891 1495 1930 κάλως
1519 1887 1581 1926 διὰ
1605 1892 1675 1925 PG.

342 1938 393 1979 ¹4·
417 1935 550 1982 ἄχθιεν
575 1935 619 1971 G.

248 2054 396 2094 hausta,
420 2054 608 2098 'proelium
636 2054 858 2098 repetebant.
893 2055 943 2087 ibi
970 2060 1045 2088 tum
1073 2067 1202 2090 novum
1230 2066 1390 2089 cerneres
1414 2057 1679 2101 spectaculum,

249 2112 328 2133 cum
353 2111 436 2144 gens
459 2110 531 2132 non
551 2100 671 2133 decem
698 2099 841 2145 quidem
863 2102 1015 2135 millium
1033 2102 1228 2143 hominum,
1252 2103 1316 2136 sed
1340 2113 1480 2135 omnem
1503 2103 1680 2137 excedens

247 2157 454 2186 numerum,
480 2158 522 2179 eo
546 2148 622 2191 ipso
655 2147 712 2180 die
750 2159 828 2180 cum
865 2149 1074 2182 mulieribus
1113 2149 1307 2195 liberisque
1333 2149 1376 2182 ad
1400 2150 1680 2184 internecionem

249 2199 324 2230 tota
344 2193 534 2226 deleretur.
584 2194 654 2226 suit
676 2193 734 2226 hic
756 2195 944 2227 vicesimus
968 2207 1082 2228 nonus
1099 2197 1228 2241 Aprilis
1253 2196 1341 2236 dies,
1358 2195 1592 2229 hebdomadis
1606 2201 1680 2229 ter-

246 2241 332 2274 tius.
362 2239 446 2273 hinc
470 2251 611 2272 carmen
635 2242 811 2284 Byzantiis
828 2242 1018 2275 iactatum:
1037 2242 1169 2275 “unum
1196 2243 1240 2275 ob
1260 2243 1353 2276 diem
1373 2241 1524 2285 Scythae
1547 2243 1679 2276 Maium

247 2297 321 2320 non
350 2286 550 2320 viderunt.”
604 2286 688 2319 solis
715 2299 858 2329 occasu,
885 2300 962 2321 cum
1000 2295 1120 2322 essent
1145 2301 1264 2322 omnes
1288 2290 1379 2323 ferro
1414 2290 1609 2331 interemti,
1634 2300 1680 2323 ne

248 2333 369 2366 liberis
406 2333 549 2378 quidem
582 2334 825 2379 matribusque
863 2336 1039 2380 exceptis,
1063 2337 1166 2369 muiti
1202 2337 1307 2369 etiam
1345 2337 1450 2381 capti,
1489 2337 1682 2381 imperator

250 2381 410 2425 receptui
438 2381 518 2413 cani
543 2380 647 2413 iussit
680 2380 790 2425 inque
816 2387 928 2414 castra
964 2393 1122 2415 reversus
1147 2388 1210 2415 est.
1260 2394 1299 2415 ac
1321 2382 1492 2415 mirabilis
1517 2393 1600 2415 sane
1624 2382 1684 2416 hie

252 2427 367 2460 exitus
393 2432 480 2467 erat,
503 2427 709 2471 praesertim
735 2428 995 2472 reputantibus,
1035 2441 1139 2474 quam
1165 2430 1226 2475 qui
1250 2430 1334 2462 olim
1359 2430 1397 2462 in
1422 2429 1568 2472 Scythas
1595 2441 1682 2474 pro-

251 2473 334 2506 fecti
359 2479 442 2506 sunt
465 2474 656 2515 Byzantio,
690 2473 792 2507 funes
818 2474 966 2520 loraque
1003 2477 1187 2516 emercati‚
1221 2475 1349 2522 quibus
1389 2481 1511 2520 captos
1536 2475 1682 2520 Scythas

249 2520 435 2560 vincirent,
462 2520 635 2553 contraria
672 2520 768 2565 passi
795 2521 886 2561 sint,
927 2522 994 2566 ipsi
1020 2533 1039 2553 a
1066 2523 1204 2565 Scythis
1232 2524 1325 2567 capti
1345 2523 1567 2568 vinculisque
1594 2534 1681 2556 con-

250 2567 373 2600 stricti.
419 2577 540 2600 verum
566 2566 604 2598 id
628 2567 692 2599 illo
717 2572 876 2611 tempore
899 2569 1038 2609 accidit,
1076 2581 1146 2615 qno
1172 2568 1217 2602 ad
1240 2570 1411 2603 Dristram
1439 2580 1517 2602 cum
1543 2568 1682 2611 Scythis

248 2619 442 2658 pugnatum
466 2619 540 2646 est:
582 2619 655 2646 tum
684 2614 828 2658 spiritus
851 2615 1085 2648 Romanorum
1120 2615 1227 2659 fregit
1259 2616 1357 2650 deus.
1407 2621 1530 2661 postea
1551 2621 1682 2654 autem,

249 2661 287 2693 in
310 2660 438 2706 quibus
465 2659 624 2693 dicendis
650 2671 744 2694 nunc
768 2670 947 2695 versamur
972 2661 1207 2707 temporibus,
1242 2673 1318 2696 cum
1347 2674 1481 2696 summo
1508 2673 1570 2696 eos
1593 2664 1691 2696 affe·-
