1754 3086
35 0 75 108 ἐῶ

1 102 4 103 ⁷
30 102 59 130 *ff*

33 143 58 154 ,μ
159 142 164 148 .

96 302 181 333 νου
214 282 340 330 κατά
369 278 530 338 τάξιν,
561 281 766 335 πλησίον
814 285 903 326 τοῦ
937 280 1118 343 ςἒιρόνου
1151 285 1241 326 τοῦ
1273 281 1533 345 βασιλικοῦ

663 187 978 230 PRAEFATIO.
1420 191 1530 230 xvn

98 364 236 420 οὗτος
269 362 398 417 ἔστη.
467 364 560 410 Pro
582 380 680 427 quo
715 365 816 427 ipsa
851 363 1125 410 doctissima
1163 364 1389 428 Princeps
1418 365 1534 410 scri·-

98 456 273 512 pserat:
319 444 629 497 εἰσελθόντος
663 441 715 491 δὲ
749 446 932 490 τούτου
970 441 1182 498 ἐκτείνας
1211 445 1298 496 τὴν
1328 450 1473 509 χεῖρα
1508 447 1534 491 ὁ

95 528 324 594 βασιλεὺς
365 527 447 573 καὶ
491 531 572 581 τῆς
616 526 794 575 ἐκείνου
833 528 1077 589 ἁψάμενος
1117 528 1304 592 χειρὸς,
1339 529 1421 573 καὶ
1447 530 1535 582 τὴν

98 611 282 665 συνήθη
329 613 435 663 τοῖς
476 608 737 672 βασιλεῦσι
771 610 1156 675 προσαγόρευσιν
1203 612 1538 671 ποιησάμενος,

97 692 227 755 ἐγγὺς
272 695 361 737 τοῦ
402 691 661 755 βασιλικοῦ
699 694 1050 756 παρεστήσατο
1099 692 1293 756 ζἐράνου.
1374 694 1452 739 Sic
1493 703 1540 740 et

97 773 181 822 lib.
207 778 309 835 12„
336 774 422 820 ubi
444 774 723 837 Dyrrhachii
743 775 857 820 situs
891 774 1196 820 describitur:
1227 776 1277 821 ἐν
1311 775 1376 836 τῷ
1410 775 1539 836 μέσῳ

99 851 152 903 δὲ
185 851 288 919 εἶχε
323 855 526 917 πέλαγος
558 855 833 916 ἡπλωμένον
868 855 993 900 πολὺ
1027 854 1109 900 καὶ
1150 854 1361 919 μακρόν·
1410 855 1539 901 κατοὶ

95 939 184 998 μὲν
216 936 273 983 τό
307 937 490 989 πλάτος
537 935 884 1001 παρατείνεται
926 936 1008 982 καὶ
1042 934 1336 992 ἑξαπλοῦται
1372 939 1436 991 εἰς
1458 937 1535 987 ,τοὶ

96 1019 290 1084 πέραμα
323 1022 404 1072 τῆς
434 1018 659 1071 Ἰταλίας.
727 1020 855 1083 lpsa:
891 1022 941 1066 ἐν
975 1024 1042 1081 τῷ
1070 1020 1200 1082 μέσῳ
1224 1017 1277 1066 δὲ
1306 1021 1538 1084 ύφήπλω-

95 1118 183 1148 ται
218 1101 419 1163 πέλαγος
452 1101 578 1146 πολὺ
613 1101 693 1146 καὶ
728 1101 924 1164 μακρόν,
955 1101 1037 1146 καὶ
1071 1101 1198 1148 κατά
1234 1103 1419 1156 πλάτος
1451 1109 1537 1163 μὲν

95 1188 388 1248 παρατεῖνον
418 1184 481 1236 εἰς
514 1184 602 1237 τὴν
636 1182 839 1248 περαίαν
866 1188 959 1230 τῶν
999 1184 1247 1231 Ἰταλῶν.“
1312 1186 1393 1231 His
1427 1203 1537 1249 spe-

98 1267 354 1313 ciminibus
390 1266 550 1312 insunt
583 1283 695 1312 sane
731 1266 893 1328 plura,
934 1283 1057 1329 quae
1094 1266 1426 1330 quotidianam
1461 1269 1536 1312 lo-

96 1347 281 1411 quendi
324 1347 718 1394 consuetudinem
765 1347 1042 1409 redoleant,
1087 1349 1239 1412 qualis
1286 1348 1536 1412 hodieque

97 1429 226 1493 apud
261 1430 465 1476 Graecos
501 1430 700 1475 obtinet.
767 1430 862 1477 Nec
895 1440 1059 1477 tamen
1092 1432 1268 1494 vulgari
1298 1432 1457 1494 lingua
1480 1449 1534 1478 ea

92 1512 271 1575 ,scripta
306 1511 620 1572 crediderim,
664 1513 845 1575 quippe
891 1512 1025 1575 quod
1067 1514 1140 1559 vel
1174 1511 1533 1559 Comncnorum

97 1601 265 1654 aetate,
289 1592 468 1640 nedum
492 1594 548 1639 iis
567 1595 884 1657 temporibus,
910 1595 1085 1657 quibus
1113 1596 1226 1640 vixit
1239 1585 1538 1657 Epitomator

98 1674 201 1735 istc,
236 1691 525 1737 sermonem,
561 1692 659 1739 quo
685 1676 821 1738 vulgo
841 1676 1006 1722 Graeci
1041 1678 1315 1736 utebantur,
1349 1677 1399 1722 in
1423 1678 1535 1723 bar-

98 1757 277 1803 bariem
312 1758 463 1803 multo
484 1757 750 1804 foediorem
780 1758 874 1803 iam
905 1757 1230 1820 degenerasse,
1265 1759 1536 1804 certissimis

98 1839 386 1901 argumentis
427 1837 594 1885 videor
640 1840 759 1885 mihi
802 1841 1009 1902 probare
1043 1857 1195 1903 posse.
1278 1840 1437 1898 Quare
1468 1841 1535 1885 sie

88 1927 268 1981 statuo,
298 1921 696 1983 Epitomatorcm5
736 1938 844 1967 cum
874 1921 1143 1967 Alexiadcm
1180 1921 1240 1967 ad
1271 1922 1531 1968 faciliorem

97 2001 452 2065 intelligentiam
490 2002 857 2048 accommodare
891 2004 1053 2065 vellet,
1095 2021 1185 2067 pro
1230 2005 1427 2050 vocibus
1458 2005 1532 2049 lo-

88 2082 375 2147 quendique
399 2085 611 2131 formulis
638 2085 1039 2147 exquisitioribus‚
1064 2086 1240 2148 quibus
1260 2087 1531 2132 orationem

84 2180 225 2211 suam
245 2165 377 2212 Anna
407 2165 635 2227 distinxit,
669 2168 858 2213 notiora
890 2168 1080 2229 passim,
1114 2167 1354 2213 interdum
1387 2169 1530 2214 etiam

97 2244 158 2291 de
189 2246 330 2293 trivio
366 2257 518 2293 sumta
538 2284 551 2309 ,
584 2249 891 2294 substituisse.
962 2248 1097 2307 Quae
1127 2249 1318 2295 licentia
1353 2251 1532 2310 effecit,

87 2337 175 2389 ut,
209 2329 449 2392 quidquid
493 2329 863 2394 discrepantium
909 2331 1170 2377 lectionum
1215 2331 1385 2392 habet,
1420 2349 1530 2394 per-

44 2459 45 2465 *
97 2426 240 2472 quam
276 2410 451 2457 dubiae
482 2413 772 2459 auctoritatis
798 2412 1063 2475 putandum
1100 2414 1172 2459 sit.
1243 2413 1374 2472 Quin
1406 2414 1528 2458 adeo

44 2487 46 2528 ζ
96 2491 350 2555 pleraeque
402 2510 461 2538 ne
507 2493 677 2557 dignae
721 2494 918 2557 quidem
965 2494 1210 2555 videntur,
1258 2496 1433 2557 quibus
1479 2494 1527 2539 in

95 2571 334 2619 variarum
371 2574 647 2622 Lectionum
684 2585 911 2638 apparatu
957 2577 1153 2638 angulus
1187 2575 1494 2622 concedatur.

225 2654 294 2699 Ab
342 2655 416 2700 his
452 2656 683 2718 Epitomis
735 2657 916 2702 diversa
961 2667 1008 2702 et
1052 2658 1201 2702 mullo
1238 2657 1431 2701 maioris
1467 2656 1524 2701 ad

95 2734 235 2780 crisin
273 2738 502 2781 momenti
528 2747 595 2782 est
616 2739 704 2784 alia
724 2738 957 2785 Alexiadis
977 2739 1212 2800 Epitome‚
1243 2737 1375 2784 libris
1394 2737 1527 2797 Vnt,

187 2822 292 2852 Anna
315 2820 508 2854 comnena.
