1754 3086
188 97 296 163 452
651 115 833 155 ANNAE
871 114 1165 156 οοΜΝΕΝΑΕ
1707 105 1716 165 ᾗ
1745 91 1747 98 ’

184 213 406 268 τηνικαῦτα
435 215 701 266 προκαλεῖται
741 216 930 269 γραφίδα
959 216 1144 268 κατέχων
1165 228 1175 238 ·
1248 214 1472 269 Γρηγὸριος
1501 217 1547 259 δὲ
1575 212 1624 271 ἦν

185 278 206 320 ὁ
233 275 487 331 Καματηρός
525 279 672 318 νεωστί
711 281 997 335 προσληφθείς
1042 280 1112 320 καί
1151 277 1538 335 ὖπογραμματευων
1566 284 1625 337 τῷ

186 341 470 399 αὐτοκράτορι.
501 342 572 384 καί
596 345 793 399 Διογένης
821 342 981 386 ἅπαντα
1013 347 1291 400 α’παγγέλλων,
1323 345 1419 386 οὐδὲ
1446 345 1517 388 τόν
1544 347 1622 403 φό-

147 423 254 455 Βνον
283 407 543 463 παρεσιώπα.
610 410 920 463 α’ναλαβόμενος
958 412 1003 452 δὲ
1035 412 1194 464 πρωΐας
1239 411 1258 452 ὃ
1289 409 1519 466 Μουζάκης
1548 410 1624 461 τοὶς

184 490 228 518 τε
257 474 491 530 ἐγγράφους
521 477 652 516 αὐτοῦ
694 472 909 530 ὁμολογίας
953 478 1025 517 καί
1050 475 1100 525 ιῖς
1128 475 1391 532 ἀναζητήσας
1419 472 1517 531 εὗρε
1545 479 1659 519 net-5
1710 495 1712 498 ’

184 541 236 594 ρά
266 557 387 583 τινων
417 539 521 595 πρὸς
560 540 683 582 αὐτὸν
717 544 983 593 πεμπομένας
1012 541 1207 597 γραφάς,
1250 544 1302 583 δι’
1342 537 1399 584 ὧν
1428 543 1624 598 ἐφαίνετο

183 624 250 648 και
279 606 305 662 ἦ
333 609 497 659 βασιλις
525 607 678 660 ῙΠαρία
707 623 781 660 την
809 609 888 658 μὲν
925 607 1187 649 ἀποστασίαν
1212 610 1288 648 τοῦ
1314 612 1536 662 Διογένους
1563 611 1624 651 εἰ.

184 674 313 725 ὃὲναι,
341 671 410 714 τὸν
449 674 495 713 δὲ
524 670 651 728 φόνον
683 674 888 727 μηδαμως
913 678 1158 726 συγχωρεῖν,
1188 672 1292 714 ἄλλα
1324 690 1391 715 και
1419 677 1507 726 μετ’
1535 676 1623 716 ἐπι-

182 740 351 792 μελείας
380 738 592 793 ἀπείργειν
621 737 749 780 αὐτὸν
778 738 853 779 οὐκ
883 736 963 779 α’πό
990 740 1065 780 τοῦ
1095 739 1225 794 φόνου
1242 739 1384 791 μόνον,
1413 738 1519 780 α’λλά
1554 739 1627 781 καί

183 806 227 854 ἐξ
255 806 387 858 αὐτῆς
427 806 554 856 ψιλῆς
594 805 780 855 ἐννοίας,
825 806 984 857 κομιζει
1026 807 1083 860 τῶ
1109 808 1284 858 βασιλεῖ.
1348 803 1367 846 ὃ
1398 807 1444 846 δὲ
1470 807 1688 853 ταύταςιο

183 869 439 923 ἐπαναγνούς
478 868 549 910 καί
588 871 739 911 πλείων
778 873 857 911 τῶν
900 867 1245 922 ὑποπτευομένων
1284 872 1625 925 ἐγγεγραμμένοις

183 934 368 990 εὑρηκώς
410 935 482 975 καί
522 932 692 983 τούτους
739 937 951 988 ἐκκρίτους
989 932 1193 991 ἅπαντας,
1238 939 1282 978 ἐν
1321 938 1532 994 ἀμηχανίᾳ
1560 932 1623 990 ἦν.

183 1003 282 1042 ου’ὃὲ
312 999 391 1054 γὰρ
420 998 596 1052 ἔμελλεν·
615 1002 673 1057 τῷ
691 1003 879 1054 Διογένει
906 1003 1101 1042 τοσοῦτον
1121 1003 1194 1055 τῆς
1221 1001 1479 1057 κοινότητος·
1538 999 1625 1056 εἶχε

144 1065 261 1121 cyclo
293 1064 450 1114 αὐτοὺς
479 1063 607 1107 πάλαι
637 1062 707 1122 ὅλῃ
738 1068 859 1122 ψυχῇ
889 1064 1114 1120 κεχηνότας
1143 1069 1213 1108 καί
1239 1067 1341 1122 πρὸς
1371 1067 1497 1110 αὕτὸν
1523 1069 1625 1109 α’πο-

183 1130 445 1180 νενευκότας·
513 1130 617 1173 ἀλλὰ
660 1134 743 1172 πᾶν
771 1130 815 1173 τὸ
847 1131 898 1173 τὰ
930 1135 1075 1188 πρῶτα
1117 1134 1246 1188 φέρον
1275 1136 1350 1175 τοῦ
1376 1130 1689 1187 ‹traaucem-15
1715 1150 1731 1170 ⁴

183 1200 258 1239 κοῦ
283 1214 325 1239 τε
357 1198 428 1239 καί
447 1200 661 1238 πολιτικοῦ
688 1198 975 1251 συντάγματος
1003 1197 1201 1239 ἔσπευδεν
1218 1198 1571 1254 ὑποποιήσασθαι.
1602 1197 1623 1239 ὅ

183 1266 260 1316 μὲν
289 1260 362 1305 οὖν
391 1258 655 1319 αὐτοκράτωρ
687 1263 735 1306 τοὶ
768 1267 840 1318 τῆς
867 1265 1082 1317 βασιλίδος
1109 1267 1286 1317 Μαρίας
1317 1267 1527 1321 α’νέκφορα
1550 1268 1626 1317 μέ-

184 1346 268 1371 νειν
294 1331 505 1384 ἠβούλετο.
563 1329 635 1371 καί
663 1330 803 1382 μέντοι
834 1332 904 1370 καί
932 1329 1146 1384 διετήρησε
1175 1330 1244 1372 τὸν
1274 1334 1500 1384 α’γνοοῦντα
1528 1330 1626 1372 ὓπο-

184 1395 345 1449 κριθείς
374 1397 425 1435 δι’
456 1393 506 1449 ἢν
536 1394 641 1447 πρὸς
671 1393 801 1449 αὐτὴν
829 1392 917 1448 εἶχε
946 1399 1082 1437 πίστιν
1101 1399 1172 1438 καί
1199 1394 1419 1451 ὁμολογίαν
1449 1397 1520 1439 καί
1545 1396 1623 1452 πρὸ

183 1462 258 1502 τοῦ
288 1460 340 1502 τὰ
383 1461 457 1514 τῆς
495 1461 712 1514 βασιλείας
752 1460 1036 1511 ἀναδέξασθαι
1075 1465 1278 1517 σκῆπτρα.
1344 1463 1550 1504 &edmero
1579 1465 1691 1505 ‹53220

284 1595 311 1617 1.
337 1593 381 1615 an
406 1583 695 1638 προσκαλεῖταιέ)
811 1583 998 1637 γραφίδια
1024 1584 1066 1616 G.
1183 1585 1392 1631 3.(ρθόνον
1416 1586 1458 1619 G.
1592 1588 1624 1621 5.

278 1627 324 1668 ἃς
348 1642 416 1662 om.
445 1631 486 1662 G.
600 1642 649 1663 ιι.
676 1626 910 1675 ἐπαναγνοὺς
936 1632 979 1672 G,
1008 1610 1248 1678 ὑπαναγνους
1270 1634 1304 1666 Ρ.
1425 1634 1500 1677 lege
1525 1635 1627 1668 πλεί-

281 1689 356 1714 ους.
495 1678 571 1720 lege
599 1679 1226 1735 {yye2oapcpaefvov;.13.lege
1254 1681 1367 1725 ἔμελε.
1489 1682 1628 1723 14qu

279 1702 584 1767 transponendum
610 1725 752 1759 videtur
775 1730 855 1769 post
883 1718 1007 1759 αὐτὸν
1135 1705 1205 1760 18.³3
1216 1727 1372 1772 διετήρει
1398 1726 1443 1759 G.
1577 1739 1625 1772 ¹9·

282 1770 471 1817 ὁμολόγως
495 1770 537 1803 G.

188 1874 273 1907 loris
303 1883 442 1906 sensum
482 1874 601 1906 omnia
637 1873 810 1906 sassurum
846 1885 883 1907 se
919 1885 994 1907 esse
1026 1875 1279 1919 polliceretur,
1321 1876 1438 1908 statim
1478 1875 1627 1908 remissis

189 1920 354 1960 fidiculis,
380 1919 495 1953 scriba
521 1920 734 1960 advocatur,
772 1921 854 1954 stilo
883 1922 1084 1954 instructus.
1134 1923 1321 1966 Gregorius
1347 1923 1376 1955 is
1403 1927 1478 1955 erat
1505 1922 1629 1955 Cama-

189 1973 299 2006 terus,
323 1968 383 2011 qui
406 1977 521 2011 nuper
546 1969 750 2011 imperatori
770 1969 814 2000 ab
836 1968 995 2012 epistolis
1031 1969 1144 2002 factus
1172 1975 1255 2002 erut.
1306 1970 1482 2013 Diogenes
1510 1969 1629 2002 omnia

190 2015 372 2047 consessus
408 2020 461 2046 est
501 2025 540 2046 ac
572 2025 618 2046 ne
642 2014 784 2046 caedem
814 2015 956 2059 quidem
984 2016 1136 2049 reticuit.
1186 2027 1288 2048 mane
1323 2017 1431 2060 igitur
1455 2016 1629 2055 Muzaces,

190 2061 323 2106 quibus
351 2061 591 2093 confessiones
631 2061 726 2093 illius
753 2063 969 2106 perscriptae
1009 2068 1119 2102 erant,
1147 2062 1286 2095 tabulas
1314 2069 1349 2095 et
1374 2074 1459 2107 quas
1485 2062 1632 2106 indaga-
1661 2096 1665 2101 ¹

190 2113 292 2141 verat
314 2107 464 2146 litteras,
492 2120 510 2139 a
537 2107 748 2152 quibusdam
773 2108 818 2140 ad
842 2109 1035 2152 Diogenem
1063 2109 1176 2150 datas,
1200 2120 1241 2141 ex
1268 2109 1398 2154 quibus
1425 2109 1630 2154 apparebat,

193 2155 450 2199 imperatricem
477 2166 621 2199 quoque
643 2155 789 2187 Mariam
814 2154 1054 2188 desectionem
1070 2156 1237 2199 Diogenis
1259 2168 1331 2189 non
1356 2157 1543 2199 ignorasse,
1569 2155 1631 2188 sed

194 2201 310 2234 caedis
336 2207 455 2234 tamen
479 2201 665 2233 consilium
690 2203 832 2233 minime
855 2201 1034 2256 probasse,
1060 2204 1146 2247 quin
1173 2203 1279 2235 etiam
1311 2214 1453 2246 operam
1480 2202 1632 2242 dedisse,

195 2253 235 2280 ut
253 2259 334 2280 eum
350 2259 422 2280 non
437 2258 455 2278 a
481 2247 588 2280 caede
613 2254 758 2288 tantum,
779 2248 840 2280 sed
865 2249 936 2280 ab
929 2260 1003 2304 lpso
1022 2250 1171 2281 consilio
1199 2255 1389 2288 revocaret,
1413 2249 1500 2281 haec
1524 2250 1634 2292 igitur

196 2294 327 2338 scripta
367 2295 572 2338 imperatori
613 2294 737 2327 defert.
788 2306 878 2340 quae
918 2307 993 2327 cum
1021 2296 1047 2327 is
1076 2296 1228 2339 legisset,
1256 2307 1379 2340 magna
1409 2299 1554 2328 affectus
1581 2300 1634 2328 est

197 2341 452 2374 sollieitudine.
473 2341 607 2385 quippe
633 2342 763 2385 plures,
793 2354 896 2386 quam
925 2343 1117 2386 suspicatus
1143 2348 1229 2383 erat,
1256 2343 1382 2375 litteris
1410 2343 1633 2386 consignatos

198 2388 342 2432 reperit,
369 2393 405 2420 et
432 2399 492 2420 eos
519 2387 663 2432 quidem
689 2389 866 2433 principes
894 2389 1048 2421 civitatis
1078 2399 1210 2422 omnes.
1240 2390 1416 2432 Diogenes
1443 2390 1535 2422 enim
1560 2399 1635 2421 non

199 2434 390 2467 admodum
429 2433 567 2467 studuit
605 2433 840 2467 demet-entiae
878 2435 1122 2476 multitudini,
1160 2436 1260 2468 cuius
1293 2437 1467 2480 egregiam
1493 2446 1572 2479 erga
1597 2445 1634 2467 se

198 2482 419 2514 voluntatem
446 2481 673 2525 studiumque
697 2480 829 2513 dudum
854 2488 994 2522 nosset,
1024 2482 1085 2514 sed
1110 2482 1289 2528 quidquid
1313 2483 1499 2516 castrensis
1525 2487 1634 2526 atque

201 2528 357 2560 urbanae
395 2527 592 2560 nobilitatis
625 2533 719 2567 erat,
754 2529 946 2561 conciliare
977 2529 1047 2561 sibi
1072 2529 1264 2562 nitebatur.
1314 2530 1514 2573 imperator
1541 2538 1634 2573 quae

201 2574 346 2619 quidem
382 2574 643 2619 imperatricem
667 2575 837 2606 Mariam
851 2574 1069 2615 attinebant,
1109 2576 1325 2620 sempiterno
1352 2576 1495 2608 silentio
1522 2574 1633 2619 premi

201 2621 334 2663 voluit;
362 2632 402 2653 ac
425 2632 509 2653 sane
536 2621 626 2653 nihil
651 2620 846 2666 quidquam
878 2633 997 2654 eorum
1023 2633 1060 2654 se
1086 2623 1173 2655 scire
1196 2623 1418 2655 assimulavit
1440 2622 1486 2655 ob
1510 2621 1635 2654 amici-

202 2668 274 2701 tiae
300 2667 445 2708 foedus,
474 2667 570 2713 quod
609 2668 737 2700 inierat
766 2679 844 2702 cum
870 2669 952 2709 illa,
989 2674 1179 2714 antequam
1208 2670 1348 2714 imperii
1369 2669 1504 2715 potitus
1529 2673 1633 2701 esset.
