1754 3086
207 73 318 140 432
658 92 840 133 ANNAE
880 91 1176 134 coMNENAE

209 191 269 240 ὥς
302 188 414 245 τάχα
444 189 548 232 κατά
584 192 659 232 τοῦ
678 189 823 234 Δούκα
852 191 927 241 τὰς
955 189 1070 246 ἧνίας
1098 187 1198 240 ὅλας
1228 190 1420 245 ἐνδόντες,
1446 193 1519 244 τάς
1546 194 1654 236 ἄκω-

213 256 287 306 κὰς
317 259 398 298 τῶν
437 251 628 310 δοράτων
665 252 838 317 ὄπισθεν
865 258 1148 312 στρέψαντες,
1179 261 1497 313 προσχωροῦσιν
1526 262 1654 316 αὐτῷ.

212 324 331 365 τοῦτο
360 319 619 374 θεασάμενος
648 321 669 363 ὃ
691 319 981 376 ζ,Ραψομάτης,
1026 322 1078 363 τά
1107 324 1215 364 νῶτα
1244 327 1506 378 παραχρῆμα
1534 327 1656 366 δίδω-

215 405 294 441 σιν,
329 385 426 436 ὅλας
470 387 589 442 ἡνίας
619 390 679 437 εἰς
712 386 848 443 φυγὴν
889 384 1102 442 χαλάσας,
1144 387 1201 436 ὥς
1230 387 1335 443 πρὸς
1361 388 1435 444 τὴν
1465 389 1659 444 Νεμεσὸν

216 451 515 506 α’πονενευκαᾶς,
547 451 679 494 εἵπου
711 452 867 506 γένοιτό
886 451 925 494 οἳ
952 451 1106 507 ταύτην
1133 452 1411 507 καταλαβόντι
1439 458 1567 514 πλοίῳ
1595 457 1698 501 ε’ν-5

217 524 379 572 τυχεῖν,
405 520 460 560 δι’
507 513 558 559 οὗ
584 521 636 575 τῇ
662 519 796 575 Συρία
841 519 1123 572 προσορμίσας
1162 516 1237 572 τὴν
1278 521 1487 576 σωτηρίαν
1526 517 1660 578 ἑαυτῷ

217 585 547 638 περιποιήσαιτο,
604 583 814 638 Μανουὴλ
837 585 882 624 δὲ
912 582 932 623 ὃ
961 584 1252 639 Βουτουμίτης
1281 587 1323 635 ἐξ
1352 586 1556 628 ὀπισθίων
1584 587 1661 627 τιν’-

217 651 292 691 τοῦ
325 649 485 691 διώκων
512 646 677 705 ἤλαυνε.
736 649 756 690 ό
786 651 831 690 δὲ
859 649 929 689 ὑπ’
969 650 1097 691 αὐτοῦ
1127 649 1462 704 κατεπειγόμενος
1490 654 1563 693 καί
1588 652 1662 706 τῆς

220 716 386 764 ἐλπίδος
414 716 716 771 διημαρτηκώς,
743 717 800 771 τῷ
837 714 908 756 ἑηί
930 715 1093 769 θάτερα
1122 715 1439 772 προσεχώρησεν
1469 713 1573 772 ὄρει,
1602 719 1662 766 εἰς

219 780 290 823 τὸν
318 782 379 822 ἐπ’
408 781 579 834 ὀνόματι
606 784 680 823 τοῦ
708 782 848 833 τιμίου
882 783 1067 835 σταυροῦ
1100 782 1376 835 ἀνεγερθὲντα
1405 781 1530 824 πάλαι
1558 781 1661 825 νεών
1679 793 1726 822 ¹⁰

222 843 561 902 προσπεφευγώς.
634 845 656 886 ὁ
700 848 745 888 δὲ
782 847 1095 901 Βουτουμίτης,
1129 842 1269 901 (οὗτος
1305 847 1380 902 γὰρ
1421 846 1498 901 τήν
1534 845 1662 890 αὐτοῦ

224 910 378 965 ὁιωκὴν
403 910 518 965 παρὰ
550 913 622 952 τοῦ
638 911 784 953 Δούκα
812 913 1115 967 ἐπετέτραπτο,>
1146 914 1290 954 τοῦτον
1320 912 1453 954 αὐτοῦ’
1479 928 1559 955 που
1584 930 1662 954 κα-

223 976 440 1031 ταλαβών,
469 975 586 1030 λόγον
621 978 832 1026 α’παθείας
877 979 990 1034 αὐτῷ
1028 979 1177 1019 δίδωσι
1215 980 1287 1019 καί
1319 978 1665 1035 συμπαραλαβών

96 1045 210 1079 P·250
224 1038 318 1096 ἄγει
348 1041 453 1096 πρὸς
484 1041 550 1084 τὸν
576 1045 708 1096 μέγαν
746 1045 890 1084 defixa.
946 1044 1170 1085 κάντεῦθεν
1197 1044 1348 1093 πάντες
1374 1043 1446 1099 τὴν
1475 1049 1666 1087 Λευκον-

225 1109 322 1149 σίαν
352 1109 732 1160 καταλαμβάνουσι.
763 1109 958 1150 κάκεῖθεν
982 1106 1053 1164 τὴν
1072 1105 1166 1164 ὅλην
1193 1113 1319 1163 νῆσον
1346 1109 1428 1151 ὑπὸ
1457 1109 1532 1165 τὴν
1557 1109 1668 1152 [slav
1686 1114 1730 1158 15

225 1179 350 1227 χεῖρα
378 1173 663 1228 ποιησάμενοι,
693 1174 980 1230 ἠσφαλίσαντο
1009 1173 1115 1215 κατὰ
1139 1174 1183 1216 τὸ
1206 1177 1435 1229 ἐγχωροῦν,
1462 1178 1518 1232 τῷ
1545 1176 1669 1218 αὖτο-

228 1237 401 1292 κράτορι
425 1238 473 1280 τά
505 1238 768 1291 συμπεσόντα
799 1238 963 1281 ἅπαντα
1007 1238 1077 1280 διὰ
1108 1239 1361 1293 γραμμάτων
1401 1240 1668 1296 δηλώσαντες.

231 1302 252 1344 ὃ
281 1306 327 1346 δὲ
350 1304 550 1357 βασιλεὺς
577 1304 881 1357 οἷποδεξάμενος
911 1301 1049 1346 αὐτῶν
1076 1304 1148 1347 τὸν
1178 1307 1340 1359 α’γαῖνα,
1370 1308 1457 1348 δεῖν
1485 1305 1588 1360 ἔγνω
1615 1305 1668 1347 τά

230 1368 336 1411 κατὰ
363 1369 436 1425 τήν
457 1369 636 1424 Κύπρον
664 1371 996 1425 ἀσφαλίσασθαι.
1045 1370 1191 1425 κριτήν
1227 1373 1305 1424 μὲν
1343 1368 1418 1413 οὖν
1445 1373 1670 1427 τηνικαῦτα

232 1438 303 1477 καί
330 1434 526 1489 ἑξισωτην
550 1433 621 1477 τὸν
642 1437 962 1491 Καλλιππάριον
993 1436 1304 1491 προύβάλλετο·
1343 1434 1446 1491 οἷνὴρ
1476 1439 1522 1479 δὲ
1551 1431 1670 1487 οὗτος
1683 1456 1733 1483 20

95 1503 314 1549 V.198w3v
340 1502 578 1556 ἐπισήμων,
625 1504 862 1558 μαρτυρίαν
903 1503 949 1543 δὲ
988 1501 1142 1556 πολλὴν
1181 1503 1498 1558 δικαιοπραγίας
1529 1518 1573 1545 τε
1600 1504 1673 1544 καί

325 1636 357 1668 3.
385 1634 540 1670 δίδωσιν
564 1637 628 1670 καὶ
652 1636 724 1670 CG.
843 1635 876 1678 4.
903 1637 1077 1683 Λέμεσον
1102 1636 1143 1669 G.
1262 1637 1295 1669 5.
1323 1635 1571 1672 ἄπονένευκεν
1597 1636 1668 1670 CG.

324 1682 357 1714 6.
382 1685 647 1728 προσορμίσας
672 1682 712 1724 C,
737 1684 1008 1729 προσορμὴσας
1038 1684 1106 1716 PG.
1211 1695 1242 1727 7.
1263 1680 1416 1728 Μιχαὴλ
1441 1683 1513 1716 CG.
1635 1693 1669 1725 9.

324 1727 540 1775 ἡμαρτηκὼς
566 1730 608 1762 G.
736 1741 787 1761 ιι.
807 1725 1083 1776 προπεφευγώς
1109 1730 1146 1763 C.
1272 1730 1322 1772 ¹4·
1347 1733 1468 1776 μέγαν
1491 1730 1604 1764 δοῦκα
1630 1731 1671 1771 Α,

324 1776 450 1810 Λούκα
476 1776 546 1808 PG.
688 1778 902 1812 Λευκοσίαν
928 1777 971 1809 G.
1101 1787 1150 1822 ¹7·
1176 1776 1385 1822 ἐμπεσόντα
1410 1777 1452 1810 G.
1551 1774 1672 1813 ἅπαν-

327 1834 372 1856 τα
398 1822 480 1855 add.
508 1822 578 1856 CG.
699 1834 752 1855 21.
778 1834 815 1857 τε
839 1834 907 1856 om.
934 1823 976 1856 G.

237 1951 394 1992 daturus,
422 1951 531 1984 aciem
557 1952 766 1985 instructam
796 1953 839 1986 <ie
865 1953 1018 1986 collibus
1047 1964 1111 1998 per
1137 1953 1268 1988 declive
1294 1954 1395 1987 tardo
1422 1952 1530 1998 gradu
1558 1952 1672 1986 ‹ledu-

236 1999 367 2038 xisset,
392 2004 541 2042 angusto
576 2000 645 2031 iam
685 2000 777 2032 inter
814 2006 1001 2046 utrumque
1035 2002 1227 2033 exercitum
1258 2002 1391 2046 spatio,
1429 2000 1673 2045 Rhapsomatis

238 2046 378 2089 equites
400 2056 547 2078 numero
577 2046 649 2078 fere
677 2052 830 2086 centum,
849 2047 1065 2080 effusissimis
1090 2048 1221 2079 Ducam
1255 2059 1385 2087 versus,
1412 2048 1512 2080 velut
1535 2047 1580 2078 ad
1606 2058 1673 2091 pu-

238 2091 441 2135 gnandum,
473 2091 623 2125 habenis
650 2095 842 2137 progr-essi,
869 2094 1047 2126 hastarum
1082 2094 1286 2138 cuspidibus
1312 2094 1500 2134 conversis,
1524 2093 1568 2126 ad
1595 2105 1675 2126 eum

240 2143 438 2171 transeunt.
498 2150 568 2183 quo
591 2140 665 2171 viso
689 2140 952 2185 Rhapsomates,
983 2146 1079 2184 terga
1100 2141 1217 2173 statim
1242 2140 1357 2181 dedit,
1376 2141 1557 2185 citatoque
1583 2150 1674 2184 equo

242 2185 385 2228 aufugit
395 2184 603 2228 Nemesum3
632 2186 690 2218 ubi
711 2188 885 2230 navigium
906 2199 941 2219 se
959 2188 1183 2219 inventurum
1201 2187 1377 2232 sperabat,
1400 2198 1472 2232 quo
1492 2188 1528 2219 in
1540 2187 1675 2228 Syriam

245 2231 397 2270 delatus,
422 2232 572 2264 salutem
597 2232 663 2264 sibi
688 2239 838 2277 pararet.
863 2234 1017 2266 instabat
1035 2235 1181 2267 Manuel
1206 2235 1401 2267 Rutumites
1425 2234 1588 2277 fugienti,
1613 2233 1675 2278 qui

244 2289 324 2311 cum
350 2277 396 2310 ad
422 2278 548 2311 incitas
574 2278 734 2312 redactus
764 2286 856 2313 esset
882 2292 1015 2326 speque
1042 2281 1249 2321 excidisset,
1288 2281 1332 2313 ad
1357 2285 1525 2319 montem,
1553 2280 1590 2312 in
1621 2279 1675 2311 al-

242 2330 320 2358 tera
352 2329 450 2369 parte
483 2325 610 2366 situm,
646 2327 790 2359 accessit
822 2326 945 2372 ibique
971 2328 1008 2360 in
1034 2327 1153 2359 aedem
1184 2333 1326 2360 sanctae
1351 2328 1444 2360 cruci
1471 2327 1554 2360 olim
1581 2331 1676 2359 stru-

242 2378 333 2404 ctam
363 2371 535 2414 confugit.
584 2372 635 2404 ibi
659 2374 866 2413 Butumites,
892 2375 947 2406 cui
974 2374 1184 2418 insequendi
1211 2386 1326 2406 curam
1351 2375 1466 2407 Ducas
1494 2374 1676 2405 commise-

243 2424 308 2458 rat,
334 2429 413 2450 eum
439 2419 534 2462 cepit
560 2429 610 2458 ae,
635 2421 824 2452 securitate
847 2421 940 2462 (lata,
964 2421 1008 2452 ad
1032 2432 1195 2464 magnum
1220 2421 1343 2454 ducem
1371 2432 1486 2453 secum
1514 2419 1675 2452 abduxit.

241 2464 327 2498 hinc
351 2476 472 2497 omnes
498 2465 702 2498 Leucosiam
730 2472 856 2510 petunt
885 2474 920 2500 et
943 2473 1130 2512 postquam
1155 2473 1267 2500 totam
1293 2468 1443 2500 insulam
1469 2466 1671 2505 subiectam,

243 2517 416 2557 quantum
441 2512 553 2551 licuit,
579 2512 765 2559 praesidiis
795 2514 988 2555 firmarunt,
1016 2515 1219 2558 imperatori
1246 2525 1308 2558 per
1331 2515 1478 2553 litteras,
1506 2523 1594 2557 quae
1619 2524 1677 2545 ac-

244 2558 425 2599 ciderant,
448 2559 670 2591 nuntiarunt.
701 2560 906 2604 imperator,
936 2560 1079 2593 laudata
1092 2562 1246 2605 ipsorum
1274 2562 1426 2600 virtute,
1450 2561 1517 2592 iam
1543 2559 1581 2592 id
1610 2558 1679 2591 sibi

246 2605 449 2639 faciendum
476 2606 624 2650 putavit,
653 2612 693 2638 ut
717 2607 868 2651 Cyprum
897 2607 1046 2639 insulam
1073 2613 1182 2640 tutum
1207 2613 1412 2652 praestaret.
1462 2611 1679 2651 quapropter

246 2651 399 2687 iudicem
425 2658 461 2686 et
484 2658 774 2698 peraequatorem
814 2654 999 2686 constituit
1032 2654 1262 2701 Calliparium
1279 2680 1287 2696 ,
1318 2655 1431 2689 virum
1455 2652 1613 2686 nobilem
1639 2663 1678 2686 ac
