1754 3086
671 165 988 209 PRAEFATIO.
1458 169 1546 207 xlx

111 259 437 326 magnitudine
468 259 603 306 facile
625 260 768 324 triplo
788 261 959 306 maiori
991 269 1072 306 est.
1108 259 1293 307 Etenim
1331 260 1414 324 qui
1433 260 1546 323 Epi-

112 355 276 392 tomen
310 341 506 405 paravit,
544 359 644 388 non
677 343 850 403 solum,
883 350 937 388 ut
969 341 1243 388 Alexiadem
1277 343 1328 388 in
1358 343 1548 389 brevius

108 425 436 484 contraheret,
472 440 667 486 operam
704 423 864 485 dedit,
898 422 983 470 sed
1016 423 1168 470 multo
1203 424 1367 487 magiS,
1398 433 1452 470 ut
1486 440 1547 470 ne

110 506 230 570 quid
257 514 546 569 excerperet,
577 505 714 568 quod
742 491 1180 568 lectorum-parum
1217 505 1443 552 interfore
1477 506 1549 552 vi-

108 588 314 637 deretur.
394 591 559 650 ltaque
617 597 718 634 tota
764 586 969 634 subinde
1022 587 1178 649 capita
1231 588 1460 648 resecuit,
1503 595 1551 632 et

114 670 374 733 quominus
431 668 668 730 defectus,
717 669 881 716 hiante
947 669 1191 730 oratione,
1242 677 1552 731 apparerent,

106 751 249 796 etiam
270 750 414 796 verba
435 751 673 813 contigua,
707 749 856 798 modo
882 750 1086 813 parcius,
1108 749 1258 795 modo
1279 749 1550 810 violentius,

100 831 487 894 conglutinando
513 832 832 894 interpolavit,
868 849 975 878 cum
1013 840 1168 878 cetera
1186 832 1415 894 pleraque
1451 847 1552 876 ser-

109 905 302 960 vaverit*
336 914 542 976 integra,
590 914 740 959 multo
797 922 923 960 certe
966 913 1123 960 minus
1181 913 1273 959 sibi
1317 907 1554 973 licentiae,

99 1010 255 1059 quam
293 993 626 1041 Gronovianus
673 995 785 1056 iste,
834 995 1068 1041 sumserit.
1136 994 1222 1040 Vix
1257 1002 1415 1040 autem
1450 1010 1555 1040 cre-

99 1074 294 1124 diderit
326 1077 611 1139 quisquam,
647 1092 793 1139 quam
824 1077 996 1122 misere
1038 1076 1302 1123 deformata
1335 1076 1556 1138 Epitomc

98 1157 186 1204 uiua
230 1156 291 1204 ad
339 1174 427 1203 nos
469 1159 755 1220 pervenerit.
835 1158 969 1206 Nulla
1013 1159 1143 1204 enim
1187 1158 1334 1204 ferme
1382 1158 1557 1220 pagina

110 1237 335 1285 editionis
369 1239 741 1286 Hoeschelianae
788 1248 883 1300 cst,
928 1256 1076 1302 quae,
1121 1250 1174 1285 ut
1208 1240 1298 1286 alia
1328 1240 1557 1286 ,vitiorum

107 1335 282 1383 genera
317 1321 566 1381 omittam,
611 1337 712 1366 non
750 1330 846 1366 tres
892 1330 1099 1383 quatuor
1139 1321 1333 1367 lacunas
1365 1322 1555 1368 habeat.

113 1403 195 1449 Vel
223 1403 291 1449 sic
323 1412 487 1449 tamen
522 1404 760 1466 egregium
783 1402 844 1450 ad
870 1413 1024 1450 textus
1050 1403 1439 1451 emendationem
1471 1403 1558 1450 ad-

113 1484 392 1549 miniculum
427 1486 609 1531 censeri
644 1484 803 1531 dehet.
852 1486 1077 1532 Possinus
1096 1485 1294 1549 quidem
1327 1485 1437 1531 satis
1469 1485 1559 1531 ha-

114 1566 244 1627 buit,
278 1566 512 1613 Alexiadis
546 1566 920 1628 I'racsationem,
965 1584 1087 1630 quae
1133 1568 1182 1613 in
1216 1568 1442 1613 omnibus
1475 1584 1560 1613 co-

114 1647 301 1694 dicibus
347 1647 506 1709 deest,
548 1648 662 1695 inde
709 1665 923 1710 sumere,
976 1650 1161 1711 reliqua
1195 1665 1255 1694 ne
1292 1646 1560 1710 adspexisse

116 1729 315 1792 quidem
364 1730 564 1776 videtur.
648 1730 745 1794 Ego
792 1747 904 1776 vero
957 1739 1176 1776 accurato
1219 1730 1318 1776 eius
1359 1746 1448 1775 usu
1484 1729 1560 1775 di-

115 1811 237 1871 dici,
272 1812 450 1858 nullum
486 1812 620 1859 facile
657 1812 875 1860 codicem
912 1827 1039 1874 esse,
1091 1813 1167 1859 cui
1206 1812 1340 1858 Anna
1372 1821 1560 1858 tantum

120 1892 322 1954 debeat,
359 1903 591 1956 quantum
622 1894 737 1940 huic
768 1896 1044 1957 Epitomae3
1081 1895 1263 1957 quippe
1301 1911 1425 1956 quae
1460 1895 1559 1939 sola

119 1991 218 2021 non
250 1975 400 2021 modo
436 1976 654 2022 lectionis
676 1977 921 2022 veritatem
954 1977 1225 2039 saepissime
1248 1985 1452 2036 tueatur,
1483 1993 1561 2022 vc-

118 2072 222 2102 rum
259 2058 400 2103 ctiam
436 2059 597 2120 plura,
641 2075 764 2122 quae
808 2059 974 2104 mutila
1021 2059 1240 2121 leguntur
1285 2059 1335 2103 iu
1365 2058 1561 2121 reiiquis

118 2138 275 2199 libris,
306 2155 418 2185 sana
453 2149 500 2185 et
533 2140 716 2203 integra
747 2141 980 2187 exhibeat.
1052 2139 1271 2186 Ceterum
1306 2157 1412 2185 cuni
1435 2140 1562 2184 Hoe-

120 2220 323 2266 schelius
358 2220 575 2267 codicem
613 2222 963 2285 Augustanum,
1007 2232 1061 2269 ut
1106 2239 1160 2268 ex
1205 2221 1562 2284 speciminibus,

120 2317 146 2347 a
195 2301 432 2348 Friderico
474 2303 937 2364 WindischmannO,
982 2304 1106 2351 Pros.
1154 2303 1458 2362 Monac-ensi,
1502 2300 1563 2347 ad

120 2399 199 2429 me
233 2383 413 2444 missis,
447 2386 677 2448 cognovi,
708 2403 807 2432 non
843 2403 926 2446 ea,
963 2403 1057 2449 qua
1090 2402 1176 2449 par
1211 2394 1326 2446 erat,
1362 2384 1564 2446 diiigen-

3 2454 15 2462 ⁶
122 2463 187 2509 tia
217 2466 509 2527 contulisset,
542 2484 774 2530 perquam
809 2477 1080 2531 opportune
1111 2467 1300 2526 accidit,
1330 2475 1381 2511 ut
1416 2466 1565 2510 bene-

125 2545 233 2590 {icio
266 2546 426 2593 Taselii
470 2548 521 2593 V.
562 2548 610 2593 (3.
647 2550 987 2612 Apographum
1027 2549 1326 2596 nanciscerer
1371 2560 1564 2591 accura-

126 2626 247 2687 tius,
282 2628 414 2690 quod
452 2630 501 2675 in
531 2630 828 2677 Bibliotheca
845 2632 1133 2694 'subingensi
1172 2637 1444 2676 asservatur.
1476 2628 1564 2673 Ex-

127 2709 336 2771 emplum
387 2711 500 2758 iilud
537 2712 856 2775 Augustanum
893 2714 1081 2775 triginta
1128 2712 1345 2774 quinque
1400 2709 1563 2768 annis,
