1754 3086
246 60 356 137 296
693 80 875 123 ANNAE
913 79 1208 123 coMNENAE

238 178 440 234 ρήσαις,·”
470 179 578 220 α’λλὰ
596 179 729 222 ταῦτα
755 183 833 232 μὲν
855 179 879 234 ἦ
902 180 1057 234 ἐκείνης
1076 179 1211 233 μήτηρ
1227 195 1237 206 ·
1266 176 1309 220 τὸ
1331 179 1378 220 δέ
1393 192 1439 232 γε
1460 178 1532 233 τῆς
1549 181 1673 231 βασι-

236 247 349 293 λίδος
389 243 593 298 ἐπίταγμα
637 246 768 299 πέρας
796 243 980 301 εἰλήφει,
1009 240 1106 299 ὅπερ
1148 245 1225 285 κάν
1256 245 1306 301 τῇ
1335 243 1487 298 γαστρί
1511 241 1588 298 τήν
1613 245 1673 293 εἷς
1730 299 1732 302 Ι

234 309 279 352 τὸ
307 311 455 362 μέλλον
472 308 577 363 πρὸς
601 309 699 358 τούς
726 310 991 364 γειναμένους
1017 304 1182 350 εὔνοιαν
1210 309 1417 363 α’ριδήλως
1441 308 1674 363 ὖπεσημαί-
1729 317 1737 334 “·

108 375 344 420 Ρ·167νετο.
375 376 447 415 καί
472 373 553 428 γάρ
581 373 685 427 μετὰ
714 377 848 417 ταῦτα
878 377 938 423 εἰς
969 374 1133 430 ἡλικίαν
1164 375 1441 416 ἑπιδεδωκυῖα
1468 373 1542 416 καί
1569 375 1673 416 ἄπο-

236 441 422 492 λαβοῦσα
454 437 500 480 τὸ
529 443 711 495 φρονοῦν
739 442 962 494 καθαρῶς,
1002 438 1242 495 φιλομήτωρ
1269 438 1375 482 κατὰ
1403 437 1559 482 ταύτὸν
1586 439 1707 493 ἕνας-5
1742 458 1751 477 ι

234 503 368 560 γὸνειν
393 507 467 548 καί
502 504 760 562 φιλοπάτωρ.
833 505 905 547 καί
940 505 1155 560 μάρτυρες
1197 506 1273 547 τοῦ
1317 505 1502 548 τοιούτου
1540 499 1674 561 ἤθους

235 569 326 613 εἶσί
346 585 418 623 μοι
439 573 584 614 πολλοὶ
605 574 684 624 μὲν
710 573 792 613 τῶν
817 570 1068 624 ἀνθρώπων,
1098 566 1178 626 ἤδη
1209 572 1256 613 δὲ
1284 570 1357 614 καί
1383 570 1544 624 πάντες,
1572 570 1673 613 ὁπό-

236 650 304 677 σοι
335 634 448 689 τᾶμὰ
477 637 749 690 γινώσκουσι,
785 635 1292 691 ιροσεπιμαρτυρούντων
1318 637 1465 686 αὐτοῖς
1491 637 1565 678 καί
1590 638 1674 679 τῶν

236 705 399 744 πολλῶν
425 718 506 755 μου
541 700 645 757 ὑπὲρ
685 703 768 743 τῶν
798 704 950 755 γονέων
988 697 1131 744 ἄθλων
1170 703 1244 744 καί
1272 702 1470 755 καμάτων
1496 700 1569 744 καί
1593 702 1675 745 τῶν

236 767 435 810 κινδύνων
461 769 636 820 ἐκείνων,
670 768 729 816 εἰς
757 764 830 815 οὓς
855 764 1037 821 ἐμαυτὴν
1066 766 1136 808 διὰ
1164 766 1211 809 τὸ
1241 765 1345 822 πρὸς
1373 768 1552 816 ἐκείνους
1580 769 1675 824 φίλ-
1691 781 1716 809 ιν

235 849 336 887 τρον
367 834 572 887 ἐνέβαλον,
603 829 872 887 ἀφειδήσασα
900 834 978 885 μὲν
1004 834 1079 874 καί
1103 834 1226 887 τιμῆς
1252 832 1324 875 καὶ
1346 831 1577 888 χρημάτων
1604 831 1678 875 καὶ

239 899 372 952 αὐτῆς
399 899 473 951 τῆς
505 898 635 952 ζωῆς·
693 893 804 938 οὕτω
832 897 911 952 γάρ
924 913 980 950 με
1006 896 1051 940 τὸ
1080 896 1186 953 πρὸς
1211 898 1361 948 αὐτούς
1387 898 1560 954 φίλτρον
1588 898 1676 950 ἑξέ-

237 979 362 1016 καεν,
396 963 452 1011 ὥς
479 965 553 1005 καί
580 961 708 1017 αὔτῆν
737 961 811 1017 τήν
838 961 984 1018 ψυχὴν
1012 965 1067 1005 δι’
1101 963 1263 1012 αὐτους
1287 965 1494 1018 προέσθαι
1522 961 1677 1006 πολλά·

200 1036 316 1078 Βκις.
374 1027 480 1070 ἀλλὰ
509 1026 634 1084 μήπω
663 1027 763 1084 περὶ
796 1026 970 1070 τούτων.
999 1031 1260 1083 α’νατρεχέτω
1288 1031 1324 1071 δ’
1351 1025 1477 1078 αὖθις
1506 1028 1528 1071 ὅ
1557 1028 1678 1084 λόγος

237 1094 344 1149 πρὸς
370 1092 424 1138 τὰ
467 1095 511 1145 ἐξ
553 1096 680 1148 αὐτῆς
717 1109 792 1146 μοι
820 1093 1081 1147 ξυμπεσόντα
1108 1097 1315 1148 γενέσεως.
1384 1093 1553 1138 πάντων
1593 1092 1673 1149 γὰρ
1691 1097 1725 1138 1!

236 1162 322 1202 τῶν
350 1157 547 1214 συνήθων
579 1159 652 1202 ἑπί
675 1166 761 1210 τοῖς
799 1165 980 1214 νεογνοῖς
1008 1161 1092 1202 τῶν
1118 1160 1326 1214 βασιλέων
1352 1163 1476 1204 παισὶ
1499 1161 1677 1214 δαψιλέ-

235 1240 382 1279 στερον
408 1227 704 1278 τελεσθέντων,
743 1225 800 1275 ὥς
826 1228 1015 1280 λέγεται,
1057 1227 1276 1282 εὔφημιῶν
1311 1225 1468 1282 δηλαδή
1497 1225 1570 1269 καὶ
1595 1227 1677 1269 δω-

237 1293 345 1345 ρεῶν
372 1293 446 1332 καί
470 1290 812 1346 φιλοτιμημάτων
848 1294 1147 1347 παρεχομένων
1185 1297 1271 1342 τοῖς
1293 1291 1438 1347 λογάσι
1477 1294 1552 1348 τῆς
1577 1307 1678 1348 συγ·-

237 1353 386 1411 κλήτου
414 1355 488 1398 καὶ
511 1357 591 1398 τοῦ
617 1357 814 1410 στρατοῦ,
841 1358 965 1398 πλέον
992 1351 1096 1412 ἥπερ
1124 1360 1220 1399 ποτὲ
1249 1357 1438 1413 ἔχαιρον,
1466 1356 1677 1414 ἐσκίρτων,

236 1420 477 1472 ἐπαιάνιζον
509 1417 714 1475 ἅπαντες,
753 1424 828 1464 καί
867 1425 1026 1475 μᾶλλον
1065 1422 1103 1464 οἱ
1143 1426 1196 1479 τῇ
1230 1426 1417 1477 βασιλίδι
1447 1427 1544 1467 καθ’
1570 1419 1732 1478 αἷμαπ

236 1486 512 1543 προσήκοντες
543 1487 621 1529 οὐκ
649 1482 763 1542 εἶχον
783 1487 860 1545 ὑφ’
885 1485 1033 1543 ἡδονῆς
1063 1486 1086 1530 ὅ
1103 1505 1143 1531 τι
1164 1491 1236 1532 καί
1259 1492 1453 1543 γένοιντο.
1520 1505 1677 1546 μετρη-

330 1643 364 1665 a,
389 1632 576 1678 ἐπίταγμα
599 1642 667 1666 om.
693 1633 735 1666 A.
864 1634 1013 1679 εὶληφεν
1035 1634 1074 1666 Α.
1187 1632 1258 1670 κᾶν
1276 1646 1283 1667 :
1299 1633 1340 1670 ἐν
1363 1633 1406 1667 G.
1526 1646 1557 1680 7.
1585 1634 1676 1680 ἤδηε

328 1680 482 1714 sortasse
498 1680 559 1713 ἔτι.
649 1690 697 1714 ιι.
708 1679 780 1727 μὲν
793 1680 857 1714 καὶ
881 1681 975 1722 ζωῆς
998 1682 1061 1714 καὶ
1084 1679 1191 1727 τιμῆς
1205 1683 1269 1715 καὶ
1282 1679 1487 1729 χρημάτων
1504 1681 1547 1715 G.
1625 1695 1676 1728 ¹7·

326 1727 544 1807 ζῖλεΡσθέντα
569 1725 607 1759 C.
747 1738 798 1773 ¹9·
825 1725 920 1773 ἤπερ
943 1727 990 1768 F,
1016 1729 1118 1772 εἴπερ
1141 1727 1214 1764 PG.
1341 1738 1398 1763 21·
1427 1725 1460 1770 ὅ,
1475 1739 1511 1764 τι
1534 1728 1616 1771 CG,
1641 1730 1681 1766 οἵ

234 1895 461 1937 tovestiaria,
494 1896 570 1929 eius
598 1901 736 1938 mater,
760 1897 979 1941 obiurgavit,
1003 1902 1044 1933 ut
1065 1897 1253 1939 narrabat,
1278 1897 1411 1939 filiam,
1439 1901 1476 1932 et
1499 1909 1579 1932 cum
1602 1903 1678 1933 sto-

233 1942 362 1975 macho
388 1948 475 1983 “at,
499 1943 639 1987 inquit,
665 1944 800 1985 scisne,
827 1956 912 1976 num
935 1950 1018 1990 post
1050 1956 1208 1978 mensem
1233 1951 1403 1978 venturus
1427 1945 1495 1978 sit?
1521 1951 1558 1979 et
1585 1957 1678 1991 quo-

233 1989 340 2021 modo
365 2000 428 2033 par
453 1990 520 2022 eris
558 1991 667 2023 tantis
701 1991 919 2024 sustinendis
954 1992 1138 2025 doloribus
1151 1992 1188 2026 ?'’
1226 1991 1316 2024 haec
1339 1997 1453 2024 mater
1476 1992 1564 2024 eius.
1612 1993 1676 2026 sed

233 2035 331 2080 quod
356 2036 562 2080 imperatrix
589 2037 749 2078 iusserat,
774 2038 906 2071 factum
932 2044 1006 2071 est:
1035 2050 1105 2083 qua
1130 2049 1168 2070 re
1189 2038 1247 2070 vel
1270 2038 1308 2070 in
1337 2043 1439 2070 utero
1463 2037 1677 2083 obsequium
1735 2075 1738 2080 ‚

233 2092 315 2126 erga
339 2088 504 2126 parentes
526 2094 644 2115 meum
667 2084 705 2116 in
729 2090 911 2128 posterum
937 2086 1024 2118 satis
1050 2090 1172 2130 aperte
1198 2084 1472 2128 significabatur.
1508 2097 1588 2117 nam
1612 2085 1677 2119 ubi

232 2129 374 2162 adolevi
402 2134 438 2161 et
461 2140 585 2173 sapere
610 2130 740 2174 incepi,
765 2132 884 2164 matris
913 2132 1062 2176 perinde
1087 2132 1267 2176 patrisque
1304 2131 1543 2164 amantissima
1580 2131 1677 2166 facta

233 2187 321 2209 sum.
347 2176 447 2208 cuius
484 2177 535 2208 rei
574 2181 685 2209 testes
706 2177 796 2209 mihi
832 2184 914 2211 sunt
937 2179 1039 2211 multi
1074 2179 1294 2217 mortalium,
1320 2178 1513 2222 praecipue
1538 2189 1676 2220 omnes,

232 2223 295 2267 qui
319 2233 375 2255 res
399 2233 496 2254 meas
520 2229 672 2264 norunt,
712 2224 964 2257 accedentibus
989 2226 1026 2257 in
1050 2225 1294 2257 testimonium
1331 2224 1474 2265 multis,
1499 2236 1588 2270 quos
1611 2236 1677 2271 pa-

233 2275 374 2302 rentum
402 2279 508 2301 causa
535 2269 640 2311 subii,
666 2270 851 2307 laboribus
875 2271 1135 2315 sudoribusque
1162 2277 1197 2304 et
1220 2271 1389 2314 periculis
1409 2271 1492 2312 illis,
1517 2272 1556 2304 in
1581 2283 1675 2316 quae

230 2322 381 2360 propter
409 2316 554 2348 illorum
591 2324 744 2349 amorem
785 2329 842 2350 me
871 2318 1023 2359 immisi,
1057 2329 1176 2362 neque
1211 2317 1360 2358 honori,
1390 2328 1456 2350 nec
1481 2319 1676 2362 pecuniae,

230 2373 300 2395 nec
322 2363 390 2406 ipsi
409 2362 503 2395 vitae
519 2374 688 2406 parcens:
712 2363 803 2397 adeo
827 2370 1015 2408 parentum
1038 2376 1135 2396 amor
1151 2375 1205 2396 me
1221 2364 1475 2405 inflammabat,
1503 2370 1544 2398 ut
1566 2366 1675 2398 etiam

231 2409 271 2442 in
296 2409 391 2443 vitae
414 2409 607 2442 discrimen
642 2421 763 2443 eorum
790 2421 895 2443 causa
920 2422 1027 2455 saepe
1063 2421 1119 2443 me
1145 2411 1326 2443 inferrem.
1356 2411 1419 2443 sed
1443 2411 1603 2444 nondum
1629 2411 1675 2444 de

232 2455 288 2488 his
316 2454 446 2499 agendi
473 2460 612 2501 tempus
639 2462 713 2489 est:
744 2457 867 2490 redeat
892 2458 1007 2490 oratio
1034 2457 1079 2490 ad
1104 2468 1163 2497 ea,
1205 2469 1298 2502 quae
1322 2458 1459 2502 primo,
1483 2463 1675 2503 postquam

231 2507 312 2535 nata
338 2514 438 2543 sum,
469 2507 630 2546 tempore
667 2503 755 2536 mihi
793 2503 1010 2536 acciderunt.
1045 2504 1210 2536 omnibus
1235 2505 1350 2545 enim,
1384 2514 1480 2548 quae
1510 2504 1675 2538 solennia

232 2554 314 2581 sunt
339 2549 376 2581 in
398 2549 572 2582 natalitiis
612 2550 862 2595 imperatoriae
886 2551 1017 2594 prolis,
1046 2551 1242 2595 impensius
1276 2551 1474 2595 praestitis,
1499 2551 1675 2586 acclama-

233 2595 394 2629 tionibus
418 2595 588 2630 videlicet
611 2602 649 2630 et
682 2597 784 2631 donis
808 2597 1108 2642 muneribusque,
1143 2603 1287 2630 senatus
1313 2603 1349 2630 ct
1374 2597 1550 2630 exercitus
1573 2599 1672 2642 prin-

234 2641 371 2688 cipibus
419 2642 496 2676 dari
537 2643 653 2678 solitis
669 2669 678 2684 ,
714 2644 823 2688 magis
869 2655 976 2690 quam
1015 2655 1170 2691 unquam
1213 2644 1413 2688 gestiebant
1448 2644 1671 2692 ovahantque
