1754 3086
246 77 354 149 298
695 95 877 136 ANNAE
928 96 1222 136 commu:

239 194 360 248 σφῶν
389 194 615 246 ἐπιθυμίας
641 195 702 243 εἰς
727 193 848 249 ἔργον
875 194 1172 250 προαχθείσης.
1201 195 1247 236 τὸ
1279 195 1326 236 δὲ
1357 193 1535 251 ὑπήκοον
1562 193 1673 240 ἅπαν

108 263 144 297 Ρ.
165 267 225 301 ι68
238 260 452 313 ἐσκίρτων,
478 257 575 307 τούς
602 261 858 313 κρατοῦντας
886 258 993 302 οὕτω
1017 259 1243 313 χαίροντας
1269 258 1392 314 ὅρῶν,
1423 264 1672 317 συνέχαιρον

236 323 458 378 ἀλλήλοις,
504 323 763 380 ἐγεγήθεσαν.
835 328 909 367 καί
948 320 997 380 ἦν
1027 326 1131 367 ἰδεῖν
1160 325 1212 367 τὰ
1241 327 1434 380 βασίλεια
1461 328 1672 381 χαρμονῆς

234 388 454 444 α’νοέπλεω,
497 390 568 431 καί
611 392 763 440 πένθος
799 393 1015 444 ου’ὸῗαμοῢ,
1057 387 1156 432 οὐδὲ
1194 387 1338 447 ἑτέρας
1377 390 1674 447 οἶασὸηποτοῦν

234 456 417 509 ἐννοίας,
449 458 531 497 τῶν
554 459 632 509 μὲν
658 458 703 498 ἐκ
730 458 859 511 μέσης
893 458 1086 511 θαλάμης
1113 457 1287 510 καρδίας
1311 458 1546 512 χαιρόντων
1574 457 1709 501 ὅτιὸ-5
1744 459 1754 505 i

234 535 302 561 σοι
330 516 443 562 εὖνοι
460 553 472 572 ,
500 523 580 564 τῶν
611 524 657 563 δὲ
682 523 1104 576 συσχηματιζομένων
1138 524 1314 576 χαίρειν.
1371 520 1460 565 ἔστι
1488 525 1566 577 μὲν
1591 522 1673 578 γὰρ
1752 526 1754 530 '

233 584 279 628 τὸ
306 583 491 641 ὑπήκοον
518 585 576 636 ὥς
604 588 756 629 ἐπίπαν
784 587 961 629 δύσνουν
986 591 1072 635 τοῖς
1098 589 1338 640 κρατοῦσιν,
1366 587 1674 643 σχηματιζόμε-

233 666 303 694 νον
333 652 379 694 δὲ
404 651 453 694 τά
484 651 615 695 πολλοὶ
647 654 720 694 καί
745 652 814 694 διὰ
842 652 1059 700 κολακείας
1088 651 1372 705 ἐπισπώμενον
1399 652 1499 702 τούς
1526 653 1676 707 ὑπερέ-

233 732 393 770 χοντας.
424 714 538 770 ὅμως
571 720 608 759 δ’
635 713 710 760 οὖν
740 717 878 773 κοινήν
906 713 957 772 ἦν
986 720 1089 759 ἰδεῖν
1113 717 1207 760 τότε
1234 717 1307 773 τὴν
1333 717 1550 774 χαρμονήν
1577 734 1675 760 συν·

234 785 447 839 ηδομένων
492 773 702 826 ἁπάντων.
772 783 818 826 τὸ
861 785 907 826 δὲ
944 786 1112 826 παιδίον
1148 783 1279 836 μέλαν
1312 779 1363 839 ἦν
1398 783 1475 839 τήν
1501 785 1708 839 monim

234 850 426 901 μέτωπον
457 847 587 906 τούτῳ
617 849 735 904 εὐρύ,
769 849 944 904 παρειαί
970 847 1190 904 ὑπόξηροι,
1222 848 1283 906 ῥίς
1307 846 1401 892 οὔτε
1427 849 1558 905 σιμή,
1584 846 1679 893 οὔτε

197 914 485 967 Βκάμπτουσα
513 914 619 970 πρὸς
641 914 686 957 τὸ
717 913 889 970 γρυπόν,
919 914 1025 956 α’λλοὶ
1054 917 1162 969 μέση
1191 932 1277 964 πως
1298 916 1457 972 ἀμφοῖν
1475 933 1486 944 ·
1515 917 1679 972 ὀφθαλ-

234 981 310 1031 μοί
333 979 580 1035 μελάντεροι
613 983 686 1023 καί
711 981 758 1022 τὸ
788 980 1109 1034 ὑποκαθήμενον
1137 977 1239 1035 ἦθος
1267 980 1352 1034 ὅξύ,
1379 978 1477 1024 ὅσον
1507 983 1554 1023 ἐκ
1580 985 1679 1036 βρε-

235 1048 417 1101 φυλλίου
446 1044 637 1099 σώματος
667 1046 846 1099 εἰκάσαι,
876 1049 1162 1102 ἐμφαίνοντες.
1219 1048 1434 1097 ἐθέλοντες
1460 1050 1680 1102 τοιγαροῦν

233 1112 353 1153 τουτὶ
381 1109 428 1152 τὸ
459 1111 627 1153 παιδίον
655 1113 715 1161 εἷς
742 1110 818 1167 τήν
850 1110 1151 1167 αὐτοκράτορος
1179 1112 1395 1168 περιωπήν
1423 1112 1680 1167 ἀναβιβάσαι
1696 1119 1726 1155 ιί

234 1179 309 1219 καί
348 1177 497 1232 κλῆρον
536 1173 623 1220 οἷον
659 1179 772 1234 αὐτῷ
808 1177 883 1232 τὴν
922 1180 1138 1230 βασιλείαν
1159 1178 1380 1231 Ῥωμαίων
1420 1182 1681 1230 καταλιπεῖν,

233 1245 295 1292 εἰς
324 1242 398 1297 τήν
433 1244 508 1285 τοῦ
549 1245 658 1285 θεοῦ
687 1243 867 1298 μεγάλην
902 1245 1121 1298 ἐκκλησίαν
1154 1246 1228 1285 τοῦ
1255 1242 1373 1286 θείου
1399 1246 1684 1298 βαπτίσματος

236 1311 310 1350 καί
334 1311 410 1350 τοῦ
432 1310 611 1365 στέφους
627 1308 727 1350 αὐτὸ
758 1305 957 1358 ἀξιοῦσιν.
1013 1311 1190 1351 τοιαῦτα
1212 1309 1352 1352 τοίνυν
1381 1309 1434 1352 τοὶ
1465 1315 1551 1358 τοῖς
1580 1324 1684 1364 πορ-

237 1374 562 1430 φυρογεννὴτοις
599 1374 700 1428 ἡμῖν
738 1375 783 1424 ἐξ
810 1375 955 1416 αὐτῶν
997 1374 1210 1428 βαλβίδων
1237 1377 1310 1430 τῆς
1339 1375 1458 1429 ἡμῶν
1485 1377 1684 1430 γενέσεως

237 1438 453 1493 ξυμβάντα
470 1457 482 1468 ·
540 1438 591 1482 τὰ
623 1441 670 1482 δέ
688 1455 734 1494 γε
761 1440 983 1495 ἐσύστερον
1007 1439 1266 1492 ξυμπεσόντα
1295 1439 1402 1483 κατὰ
1430 1437 1502 1483 τόν
1528 1437 1683 1495 προσὴ-
1696 1450 1732 1479 20

237 1519 364 1547 κοντα
393 1502 626 1561 ῥηθήσεται
654 1505 794 1548 τόπον.

340 1644 366 1666 ι.
392 1633 635 1679 προαχθὴσης
659 1634 693 1667 Ρ.
837 1645 869 1666 2.
897 1634 991 1670 οὕτω
1017 1635 1072 1668 CF
1097 1640 1134 1667 et
1156 1635 1195 1667 in
1218 1635 1376 1679 margine
1401 1635 1447 1676 P,
1472 1631 1587 1670 αὐτοῦ
1612 1632 1683 1666 PG.

333 1681 364 1713 3.
391 1683 457 1713 καὶ
482 1691 552 1713 om.
577 1681 625 1722 P,
652 1680 733 1714 add.
757 1681 859 1714 ACG.
1001 1693 1050 1715 ιι.
1080 1681 1162 1716 οὔτε
1186 1683 1275 1727 σιμή
1301 1682 1381 1714 add.
1408 1683 1510 1716 CAG.
1634 1681 1682 1713 ¹3.

331 1732 416 1759 ante
444 1727 506 1766 ὀξύ
534 1727 616 1761 add.
641 1731 704 1762 καὶ
728 1727 830 1768 PAG,
855 1739 925 1760 om.
951 1728 988 1761 C.
1159 1726 1250 1764 ὅσον
1268 1742 1275 1761 :
1293 1723 1378 1765 οἷον
1406 1728 1450 1764 G.
1599 1730 1685 1773 βρε-

332 1776 494 1819 φυλίνου
519 1774 563 1810 G.
688 1785 738 1818 19-
767 1776 951 1821 γενέσεως
975 1774 1021 1816 C,
1046 1774 1254 1820 γεννήσεως
1276 1775 1347 1809 PG.

240 1897 326 1941 ipsis
353 1896 532 1941 reliquum
556 1903 650 1939 erat,
675 1899 846 1943 quoniam
871 1903 993 1944 optata
1017 1910 1138 1932 eorum
1164 1904 1362 1932 evaserant.
1386 1899 1543 1944 populus
1566 1902 1686 1934 autem

240 1944 354 1976 omnis
379 1944 606 1986 exsultabat,
633 1945 889 1991 principesque
917 1951 1018 1979 tanto
1045 1946 1228 1990 voluptate
1253 1949 1394 1979 affectos
1427 1957 1594 1986 cernens,
1623 1957 1687 1979 ea-

240 1990 322 2023 dem
358 1991 498 2023 laetitia
539 1991 823 2036 perfundebatur
859 1999 965 2037 atque
1001 1993 1186 2037 gestiebat.
1236 1993 1352 2025 aulam
1393 1992 1512 2037 gaudii
1544 1992 1688 2038 plenam

241 2048 427 2078 cerneres,
465 2048 533 2070 nec
556 2049 704 2083 usquam
736 2050 876 2072 moeror
909 2045 972 2072 aut
1001 2040 1083 2072 ‚alia
1120 2039 1195 2072 ulla
1220 2039 1388 2083 cogitatio
1413 2045 1510 2080 erat,
1534 2039 1613 2072 aliis
1642 2051 1687 2073 ex

242 2084 371 2117 intimo
395 2084 513 2117 animo
537 2085 776 2127 laetantibus,
811 2090 990 2131 quotquot
1015 2086 1182 2118 benevoli
1218 2091 1338 2126 erant,
1364 2086 1443 2119 aliis
1469 2086 1687 2130 fingentibus

243 2131 426 2163 laetitiam.
454 2142 536 2164 nam
563 2138 647 2165 sunt
671 2132 746 2166 fere
771 2134 832 2178 qui
866 2138 995 2178 parent
1027 2133 1159 2166 infesto
1196 2133 1235 2165 in
1271 2132 1432 2165 dominos
1458 2134 1600 2174 animo,
1623 2132 1688 2166 sed

243 2178 474 2211 simulatione
499 2178 711 2224 plerumque
735 2185 772 2213 et
797 2179 1011 2213 assentando
1032 2179 1203 2212 demereri
1229 2178 1376 2212 student
1400 2179 1594 2224 principes.
1627 2180 1688 2212 ni-

245 2224 440 2258 hilominus
464 2230 585 2258 tamen
608 2237 830 2259 communem
858 2232 933 2259 tum
957 2237 1117 2259 cerneres
1146 2226 1336 2266 laetitiam,
1363 2226 1529 2259 similiter
1555 2226 1688 2260 affectis

245 2271 424 2304 omnibus.
449 2277 607 2305 ceterum
630 2274 801 2316 puerulus
827 2274 925 2306 fusco
952 2279 1028 2306 erat
1041 2273 1171 2312 colore,
1196 2273 1269 2305 lata
1294 2273 1426 2313 fronte,
1453 2272 1601 2306 aridulis
1627 2284 1688 2318 ge-

245 2318 318 2360 uis3
346 2329 452 2350 nasus
477 2329 595 2362 neque
622 2320 731 2353 simus
757 2325 842 2360 erat,
869 2330 988 2364 neque
1015 2319 1195 2360 aduncus,
1220 2319 1283 2351 sed
1307 2319 1418 2352 forma
1435 2321 1529 2353 inter
1551 2326 1691 2353 utrum-

245 2375 319 2408 que
343 2364 475 2406 media,
499 2365 596 2398 oculi
619 2367 713 2410 nigri
738 2367 994 2411 ingeniumque
1020 2367 1146 2407 alacre,
1171 2371 1343 2410 quantum
1370 2378 1414 2398 ex
1436 2367 1584 2399 infantis
1607 2378 1689 2400 cor—

245 2422 335 2456 pore
360 2411 538 2445 coniicere
561 2412 664 2453 licet,
690 2413 892 2457 prodentes.
921 2413 1017 2446 hunc
1040 2413 1189 2445 filiolum
1217 2424 1294 2445 cum
1315 2413 1359 2445 ad
1384 2413 1606 2457 imperatoris
1631 2413 1688 2446 di-

248 2459 420 2500 gnitatem
446 2458 620 2492 extollere
647 2460 752 2504 eique
782 2461 881 2493 velut
904 2460 1138 2493 hereditatem
1166 2461 1402 2492 Romanorum
1422 2460 1608 2504 imperium
1634 2470 1689 2492 re-

249 2505 414 2550 linquere
438 2510 635 2550 cuperent,
666 2505 704 2538 in
729 2517 853 2551 magna
878 2506 936 2539 dei
962 2507 1113 2539 ecclesia
1150 2517 1230 2539 eum
1255 2517 1355 2539 sacro
1377 2506 1591 2551 baptismate
1618 2506 1689 2540 ini-

250 2552 413 2584 tiandum
440 2557 476 2585 et
499 2552 740 2586 coronandum
765 2558 901 2587 curant.
926 2553 1014 2586 haec
1040 2554 1150 2596 igitur
1176 2553 1491 2598 porphyrogenitis
1513 2553 1618 2586 nobis
1641 2552 1688 2585 ab

251 2599 338 2643 ipsis
363 2605 461 2632 ortus
486 2599 688 2643 primordiis
711 2601 958 2645 contigerunt;
983 2611 1074 2645 quae
1091 2605 1218 2644 postea
1244 2600 1472 2642 acciderunt,
1498 2611 1559 2634 suo
1582 2599 1689 2646 quid-

252 2655 322 2690 que
346 2645 586 2680 narrabuntur
610 2646 697 2680 loco.
