1754 3086
222 110 334 176 428
661 127 844 168 ANNAE
887 128 1181 170 COMNENAE

85 227 259 282 v.19fioi
290 224 457 282 ἀβλαβῆ
483 225 551 269 τὸν
580 224 684 281 πρὸς
712 225 785 280 τήν
798 225 994 282 Σμύρνην
1025 226 1247 267 ἀπόπλουν.
1303 225 1493 268 πείθεται
1522 227 1650 280 τούτῳ

218 292 239 337 ὃ
273 293 451 346 Δούκας,
479 291 550 334 καί
576 292 715 346 λαβών
745 291 927 348 ὁμήρους
971 294 1044 333 δύο
1079 295 1161 332 τῶν
1190 292 1386 344 ἐκκρίτων
1412 293 1650 346 σατραπῶν,

219 362 312 402 ἐπεί
349 359 531 407 κάκεῖνος
573 354 701 407 αὖθις
742 354 894 407 ἄλλους
940 358 1080 414 ᾐτεῖτο
1106 355 1178 398 τὸν
1205 356 1398 408 Δούκαν,
1426 357 1492 412 ἐφ’
1521 350 1554 414 ᾦ
1580 353 1651 398 τὸν

219 427 296 478 μὲν
322 425 480 479 μηδένα
506 426 590 466 τοῖν
619 426 920 479 ΖΙΙιτυληναίων
948 423 1146 476 α’ὸικῆσαι
1187 419 1454 476 ἐξερχόμενον
1482 418 1510 476 ἢ
1533 436 1649 463 συνε-

219 492 484 544 παγαγέσθαι
521 489 779 531 ἀποπλέοντα
816 487 920 542 πρὸς
959 487 1170 542 Σμύρνην,
1214 485 1284 528 τὸν
1326 488 1372 528 δὲ
1401 489 1688 542 διατηρῆσαιὸ

176 554 351 598 Βαῦτὸν
392 555 558 610 ἀβλαβῆ
594 553 666 596 τὸν
693 555 749 603 ὥς
787 552 885 609 πρὸς
915 551 1106 607 Σμύρνην
1145 551 1352 594 α’πόπλουν
1380 552 1650 606 ποιούμενον,

220 624 373 664 δέδωκε
402 619 534 677 τούτῳ
564 621 633 662 τόν
658 636 701 662 τε
730 618 1000 675 Εὕφορβηνὸν
1036 618 1312 672 Ἀλέξανδρον
1343 620 1414 660 καί
1440 617 1653 672 ΖΠανουὴλ

218 686 290 730 τὸν
318 689 630 742 Βουτουμίτην·
689 682 835 739 ἄνδρες
857 680 971 725 οὗτοι
1001 681 1276 739 φιλοπόλεμοί
1290 698 1334 724 τε
1361 682 1434 725 καί
1458 690 1652 738 γενναῖοι.

218 750 307 795 εἶτα
337 754 494 801 πίστεις
522 753 564 801 ε”ξ
591 750 781 806 ἀλλήλων
807 749 1012 803 λαβόντες,
1045 746 1064 789 ὃ
1085 751 1162 802 μὲν
1186 749 1437 806 ἀμεριμνίαν
1462 745 1542 804 ἤδη
1568 745 1654 803 εἶχε

220 820 298 862 τοῦ
324 817 382 873 μὴ
413 820 456 860 ἑν
477 819 534 875 τῷ
560 818 804 872 ἑξέρχεσθαι
830 815 903 858 τὸν
935 817 1101 869 Τζαχᾶν
1142 814 1298 870 βλάβην
1337 813 1427 857 τινὰ
1453 820 1536 863 τοῖς
1565 817 1655 856 Mt-
1673 830 1719 857 ιο
1750 824 1754 850 ¹

221 885 458 940 τυληναίοις
487 886 717 937 ἐπαγαγεῖν,
749 881 835 923 ὅδὲ
866 883 909 924 ἑν
937 883 994 938 τῷ
1016 883 1216 937 διαπερᾷν
1243 879 1302 935 μή
1323 880 1434 934 παρά
1464 880 1656 923 τοῦῬω-

219 952 376 1005 μαϊκοῦ
409 949 560 992 στόλου
600 949 778 990 κάκωσιν
828 950 1060 1001 ἐσχηκέναι.
1125 948 1212 988 ἀλλ’
1256 945 1493 1001 ὄκαρκῖνος
1521 945 1659 1000 ὀρθῶς

219 1018 408 1070 βαδίζειν
454 1015 528 1056 οὐκ
571 1011 827 1067 ἐμάνθανεν,
858 1015 950 1054 οὐδ”
982 1011 1001 1052 ὃ
1035 1015 1203 1066 Τζαχᾶς
1230 1015 1301 1067 τῆς
1327 1009 1529 1067 πρότερον
1558 1014 1659 1069 α’φί·

220 1097 350 1124 στατο
378 1083 592 1135 πονηρίας.
649 1079 807 1128 πάντας
843 1080 920 1133 γὰρ
947 1076 1042 1127 τούς
1072 1081 1389 1133 ΖΙ1ιτυληναιόυς
1415 1079 1659 1134 ἐπεπειρᾶτο

219 1145 301 1188 σὺν
327 1149 493 1200 γυναιξί
532 1147 603 1187 καί
642 1149 798 1194 τέκνοις
825 1142 964 1201 ἑαυτῷ
997 1144 1374 1198 συνεπαγαγέσθαι.
1428 1146 1471 1186 ἐν
1501 1141 1585 1202 ὅσῳ
1614 1143 1724 1187 δὲιὸ

220 1214 356 1254 ταῦτα
384 1214 569 1266 ἐγένετο,
599 1211 620 1252 ὁ
651 1208 920 1265 Λαλασσηνὸς
949 1213 1266 1258 Κωνσταντΐνος
1306 1209 1659 1265 θαλασσοκράτωρ

93 1289 129 1323 Ρ.
143 1287 210 1332 248
224 1280 451 1333 τηνικαῦτα
480 1272 538 1318 ὧν
563 1277 636 1318 καί
659 1276 783 1329 μήπω
804 1274 1012 1332 ἑφθακώς,
1042 1276 1143 1317 κατὰ
1174 1276 1222 1317 ui
1250 1275 1520 1329 ἐντεταλμένα
1545 1274 1662 1331 παρὰ

223 1346 297 1385 τοῦ
324 1339 627 1397 αὐτοκράτορος
647 1341 793 1385 Δούκα
816 1343 875 1389 εἰς
904 1339 1162 1395 ἀκρωτήριόν
1179 1357 1218 1382 τι
1247 1340 1324 1390 τάς
1350 1343 1451 1391 ναῦς
1483 1357 1664 1396 προσορ-

222 1410 362 1463 μίσας,
387 1410 480 1450 ἐπεὶ
506 1410 641 1450 ταῦτα
665 1405 917 1461 μεμαθήκοι,
946 1406 1081 1448 ἐλθών
1101 1408 1217 1460 ἠξίου
1245 1406 1315 1448 τὸν
1334 1407 1500 1450 Δούκαν
1526 1423 1664 1461 παρα-

220 1473 479 1528 χωρηθῆναί
502 1472 540 1515 οἱ
570 1474 674 1526 μετὰ
704 1476 778 1514 τοῦ
814 1472 960 1526 Τζοιχᾶ
991 1470 1182 1524 συνάψαι
1210 1471 1402 1525 πόλεμον,
1461 1472 1482 1513 ὃ
1513 1475 1558 1516 δὲ
1589 1472 1725 1515 rouzo

222 1537 492 1592 προγεγονὸτα
522 1538 826 1591 εὐλαβούμενος
856 1535 994 1591 ὅρκον,
1024 1533 1267 1588 ἀνεβάλλετο
1296 1541 1410 1587 τέως.
1466 1538 1487 1579 ὁ
1516 1540 1560 1580 δὲ
1572 1542 1661 1581 Λα-

223 1603 428 1659 λασσηνὸς
469 1606 641 1646 ἐνέκειτο
681 1607 832 1659 λέγων,
861 1603 918 1651 ὥς
939 1601 1018 1645 “oti
1062 1605 1138 1655 μὲν
1167 1604 1401 1658 ὄμιόμοκας,
1429 1604 1507 1659 ἐγώ
1544 1606 1581 1647 δ’
1611 1607 1663 1646 ου’

223 1672 385 1726 παρῆν·
441 1669 514 1711 καί
542 1668 595 1712 σύ
625 1671 702 1723 μὲν
732 1669 846 1724 τήρει
880 1668 930 1718 ἂς
973 1671 1154 1718 δέδωκας
1182 1672 1339 1720 πίστεις
1364 1671 1553 1726 α’ραγεῖς,
1581 1669 1660 1726 ἐγώ

318 1772 352 1806 5.
379 1767 444 1807 τὸν
472 1783 480 1804 :
506 1771 571 1805 τοῦ
597 1771 633 1804 C.
754 1783 785 1816 7.
813 1782 851 1806 τε
877 1782 944 1803 om.
973 1771 1014 1804 G.
1141 1769 1286 1816 Μιχαὴλ
1311 1771 1353 1804 G.
1469 1773 1502 1807 8.
1527 1776 1663 1808 Βουτο-

317 1822 427 1866 μίτην
450 1818 476 1851 C
501 1823 713 1851 constanter.
839 1829 888 1850 ιι.
915 1820 1108 1863 ἐπιγαγεῖν
1134 1818 1167 1857 P,
1195 1825 1288 1851 recte
1313 1819 1384 1852 CG.
1508 1823 1558 1852 16.
1587 1823 1664 1855 Λα-

318 1859 478 1908 λασηνὸς
505 1865 531 1898 C
557 1876 704 1909 semper.
837 1865 1192 1910 θαλασσοκρατήσας
1214 1865 1284 1897 CG.
1422 1868 1471 1902 ¹8·
1497 1878 1662 1914 προσορ-

319 1916 435 1958 μίσας
459 1912 504 1953 C,
533 1911 803 1958 προσορμὴσας
828 1911 896 1944 PG.
1021 1915 1076 1945 23.
1105 1910 1265 1959 ιῖρωγεῖς
1289 1912 1326 1945 C.
1353 1912 1431 1956 lege
1454 1911 1638 1960 ἄρραγεῖς.

229 2035 310 2058 nam
338 2023 474 2056 soivere
501 2024 636 2057 liceret.
687 2024 898 2070 obsequitur
931 2025 1069 2065 Ducas,
1099 2029 1135 2058 et
1157 2029 1342 2070 postquam
1367 2025 1455 2058 duos
1482 2037 1501 2058 e
1526 2027 1663 2071 praeci-

230 2073 309 2116 puis
333 2071 483 2115 satrapis
511 2071 653 2104 obsides
682 2073 834 2116 accepit,
865 2078 904 2105 nt
940 2071 1107 2104 barbarus
1132 2072 1366 2114 Mitylenaeos
1392 2073 1521 2105 iniuria
1548 2073 1663 2106 disce-

231 2118 319 2151 dens
343 2129 386 2150 ne
411 2118 564 2151 alliceret
586 2130 655 2151 neu
681 2130 894 2163 quemquam
920 2129 1036 2151 secum
1074 2119 1253 2161 Smyrnam
1278 2119 1455 2159 aveheret,
1483 2119 1663 2161 Tzachae,

229 2164 353 2198 itidem
382 2164 523 2197 obsides
546 2166 661 2198 securi
688 2165 822 2198 reditus
856 2167 1036 2210 poscenti,
1063 2165 1335 2211 Euphorhenum
1362 2166 1601 2199 Alexandrum
1628 2173 1665 2200 et

230 2211 433 2245 Manuelem
469 2213 709 2252 Butumitem,
748 2213 843 2244 viros
885 2212 1118 2253 fortissimos,
1142 2212 1300 2245 tradidit.
1358 2212 1409 2245 ita
1445 2212 1516 2245 fide
1539 2219 1663 2247 mutuo

231 2257 326 2298 data,
350 2269 418 2290 nec
441 2258 532 2291 alter
555 2259 624 2290 iam
641 2259 838 2298 verebatur,
863 2270 907 2291 ne
934 2259 1055 2291 abiens
1075 2259 1229 2292 Tzachas
1252 2258 1436 2292 molestiae
1465 2260 1664 2305 quidquam

230 2304 459 2348 Mitylenaeis
503 2305 672 2345 inferret,
700 2311 734 2338 ot
773 2307 863 2338 alter
899 2308 1084 2339 traiectum
1120 2306 1188 2339 sibi
1216 2311 1329 2339 tutum
1356 2306 1430 2339 fore
1463 2318 1483 2338 a
1508 2308 1663 2340 Romana

230 2351 342 2384 classe
376 2351 590 2385 confidebat.
651 2353 952 2385 verumenimvero
996 2364 1120 2386 cancer
1161 2358 1254 2385 recta
1287 2352 1423 2396 ingredi
1458 2364 1530 2386 non
1569 2353 1665 2386 didi·

232 2399 298 2440 cit3
321 2410 388 2431 nec
411 2398 567 2432 Tzachas
593 2410 612 2430 a
636 2410 740 2443 prava
764 2399 1020 2432 consuetudine
1049 2400 1204 2432 recessit.
1254 2410 1374 2432 omnes
1402 2400 1495 2432 enim
1519 2400 1666 2443 Mityle-

232 2456 342 2478 naeos
365 2457 442 2478 cum
473 2445 639 2478 uxoribus
665 2452 700 2478 et
725 2446 846 2478 liberis
871 2446 1066 2479 conabatur
1089 2458 1204 2480 secum
1231 2446 1419 2479 abducere.
1468 2446 1556 2480 haec
1583 2446 1666 2480 dum

233 2497 414 2536 geruntur,
439 2492 652 2525 Dalassenus
670 2493 934 2532 Constantinus,
961 2494 1021 2537 qui
1045 2495 1220 2526 Romanae
1245 2493 1345 2525 classi
1369 2493 1525 2537 praefuit
1547 2505 1664 2538 neque

234 2539 318 2572 dum
348 2538 559 2578 advenerat,
597 2539 708 2572 classe
735 2538 780 2571 ad
813 2541 1092 2583 promontorium
1119 2539 1320 2585 quoddam,
1346 2546 1386 2573 ut
1412 2540 1527 2574 Ducas
1551 2540 1665 2573 iusse-

234 2591 308 2626 rat,
334 2586 506 2630 appulsa,
535 2584 597 2618 ubi
639 2587 705 2618 ista
731 2587 924 2630 comperit,
959 2587 1113 2620 accurrit
1136 2597 1334 2630 magnoque
1374 2597 1481 2631 opere.
1507 2587 1599 2630 egit,
1626 2593 1666 2620 ut

233 2632 349 2665 Ducas
375 2632 510 2665 bellum
539 2644 618 2665 cum
643 2632 781 2665 'I'zacha
809 2633 998 2676 gerendum
1024 2632 1094 2665 sibi
1115 2634 1346 2678 permitteret.
1396 2644 1515 2666 verum
1541 2634 1582 2673 is,
1609 2633 1665 2667 iu-

235 2678 426 2713 risiurandi
459 2690 613 2721 memor,
655 2679 843 2713 abnuebat.
903 2680 958 2712 cui
996 2679 1210 2714 Dalassenus
1245 2680 1400 2721 instans,
1425 2679 1576 2726 “nempe
1603 2685 1660 2720 tu,
