1754 3086
640 164 957 207 PRAEFATIO.
1374 164 1521 204 xxvn

92 256 426 321 τασυστάδην,
461 258 595 323 quod
613 259 792 305 Lexicis
812 257 959 305 deest.
1065 258 1173 318 129,
1193 261 1238 304 2.
1272 253 1523 318 μονάδων,

94 343 228 409 quod
258 342 564 389 Hoeschclius
601 341 828 402 coniecit,
871 339 1205 402 reponendum
1246 348 1371 400 crat,
1415 355 1524 385 sua-

95 425 238 473 dente
267 423 508 486 Ducangio
537 421 776 468 Constant.
815 420 985 468 Christ.
1012 422 1081 467 lv.
1128 438 1175 484 p.
1202 423 1308 468 125.
1416 421 1525 481 176,

98 510 173 554 13.
203 503 456 565 σωματικὰ
499 500 700 567 δεύτερα
740 503 937 549 τίθεται
978 501 1138 563 λόγου.
1206 503 1358 548 Locus
1390 502 1531 550 resti-

93 587 241 634 tuitur
274 585 517 645 facillime,
552 585 589 630 si
620 581 860 647 δεύτερον,
895 582 1030 647 quod
1066 582 1115 629 C.
1143 583 1305 644 habet,
1337 583 1386 629 in
1421 579 1530 628 δευ-

95 669 236 732 τέρου
269 668 534 714 mutaveris.
639 668 747 729 193,
767 671 844 714 ΩΟ.
890 665 991 712 ἐπεὶ
1022 667 1048 710 ὁ
1079 668 1380 726 Βαῖμοῦντος
1413 680 1530 727 καρ-

94 749 352 816 τερώτερον
387 751 556 802 αὐτοῖς
583 749 873 812 ἐπεμάχετο.
941 749 1009 795 Ita
1035 764 1164 794 nunc
1192 748 1377 812 legitur,
1410 763 1531 794 con-

46 855 49 857 ·
96 842 169 880 tra
200 847 405 878 sensum.
450 829 688 878 Emendo:
737 828 1040 893 ἀπεμάχετο.
1151 832 1263 890 215,
1293 835 1334 875 1.
1380 843 1470 892 pro
1503 827 1530 879 ἡ

99 910 152 960 δὲ
193 913 347 960 scribe
389 909 496 974 ἥδε,
542 913 759 976 pleniore
805 910 1192 975 interpunctione
1244 919 1354 975 post
1394 909 1534 962 θέσις

101 996 270 1061 posita.
389 996 501 1055 273,
520 997 597 1040 20.
633 992 762 1038 κατὰ
803 987 1007 1044 δεκάδας
1039 991 1153 1045 τοὺς
1187 986 1396 1050 λογάδας
1437 993 1533 1036 τῶν

98 1074 392 1139 Μανιχαίων
413 1075 667 1120 ποιεῖσῖὸαι
692 1073 924 1119 ἐκέλευσε.
962 1074 1055 1120 Pro
1084 1074 1248 1137 inepto
1280 1072 1534 1118 ποιεῖσθαι

102 1174 231 1205 nunc
261 1158 424 1206 malim
459 1158 769 1222 πορεύεσθαι.
902 1158 1015 1217 328,
1029 1158 1074 1202 8.
1106 1156 1207 1218 lege
1231 1156 1535 1200 οὑτινοσοῦν.

102 1243 216 1301 337,
233 1244 277 1286 5.
312 1257 401 1303 pro
441 1239 628 1285 τούτων
662 1239 763 1301 lege
796 1238 1005 1298 τούτου,
1051 1245 1105 1283 ut
1138 1236 1199 1283 ad
1230 1237 1385 1283 solum
1420 1234 1538 1283 Cae-

102 1338 256 1369 sarem
293 1322 527 1385 respiciat.

230 1403 403 1450 Verum
446 1402 567 1450 haec
613 1403 783 1449 obiter.
863 1402 981 1450 Nam
1028 1399 1090 1448 de
1137 1399 1374 1448 eiusmodi
1423 1399 1541 1445 locis

105 1485 362 1550 plerisque,
397 1484 448 1531 in
483 1484 658 1548 quibus
692 1483 936 1547 scriptoris
956 1498 1125 1529 manus
1154 1480 1372 1529 nondum
1406 1480 1575 1526 resti--

107 1576 209 1615 tuta
239 1565 442 1627 videtur,
474 1575 577 1612 tum
608 1566 805 1629 proprie
828 1563 1067 1627 agendum
1094 1564 1199 1623 crit,
1235 1579 1343 1609 cum
1377 1561 1543 1607 Anno-

106 1649 310 1695 tationes
345 1648 563 1695 scribam.
646 1647 782 1694 Nunc
814 1645 1053 1708 reliquum
1091 1653 1184 1705 est,
1217 1652 1269 1690 ut
1301 1642 1361 1690 dc
1397 1643 1544 1689 inter-

108 1731 376 1795 pretatione
397 1731 576 1791 Latina‚
611 1745 755 1792 quam
780 1728 895 1774 huic
925 1727 1126 1774 editioni
1154 1743 1326 1773 novam
1362 1724 1545 1786 addidi,

109 1813 255 1858 verbo
282 1829 522 1858 moneam.
559 1810 610 1857 ld
631 1811 892 1873 negotium,
914 1809 1159 1855 molestiae
1176 1807 1421 1870 taediique
1440 1808 1546 1870 plc-

111 1893 374 1954 nissimum,
410 1902 461 1939 ut
493 1894 800 1956 susciperem,
836 1908 908 1938 res
942 1892 1042 1955 ipsa
1065 1891 1249 1953 exigere
1281 1889 1546 1935 videbatur.

107 1975 287 2038 Nempe
311 1976 548 2036 Possinus,
582 1991 691 2020 cum
711 1991 809 2020 non
831 1982 929 2019 tam
946 1971 1195 2033 vertendo,
1230 1987 1375 2035 quam
1408 1986 1547 2016 cnar-

111 2056 260 2103 rando
298 2073 494 2119 operam
537 2055 696 2117 daret,
739 2054 914 2101 mirum
969 2070 1113 2118 quam
1163 2054 1312 2099 libere
1357 2069 1458 2099 non
1497 2054 1549 2099 in

112 2138 267 2184 verbis
301 2137 448 2185 modo
482 2138 700 2201 singulis,
743 2153 908 2183 verum
951 2136 1092 2183 etiam
1128 2136 1178 2182 in
1207 2136 1320 2182 totis
1352 2144 1548 2181 sentcn-

113 2219 189 2265 tiis
217 2219 475 2266 reddendis
516 2229 726 2267 versatus
768 2228 861 2280 cst,
905 2217 1374 2278 circumscribendo,
1409 2216 1549 2263 affin-

40 2304 42 2317 *
113 2300 300 2363 gendo,
343 2302 510 2364 primis
548 2311 790 2365 postrema
827 2299 1104 2362 miscendo,
1141 2301 1304 2346 omnia
1338 2298 1551 2361 denique

115 2382 365 2428 obruendo
403 2383 579 2446 ingenti
615 2383 872 2429 verborum
907 2382 1122 2427 fluminc-
1209 2379 1342 2427 Unde
1377 2380 1551 2426 sactum

117 2471 214 2523 cst,
242 2472 295 2509 ut
324 2464 501 2510 Alexias
525 2465 689 2511 Latina
725 2465 774 2510 in
810 2462 1175 2526 amplitudinem
1212 2462 1361 2525 duplo
1397 2461 1554 2507 maio-

122 2560 223 2590 rem
272 2546 551 2607 cxcrcwrst,
583 2562 728 2609 quam
767 2546 973 2606 Graeca,
1015 2554 1062 2591 ct
1096 2545 1240 2591 altera
1273 2544 1461 2590 alterius
1494 2560 1554 2589 nc

116 2626 334 2672 umbram
372 2628 568 2690 quidem
605 2629 788 2675 reserat.
860 2627 970 2687 Quo
1009 2628 1165 2674 minus
1201 2635 1358 2672 autem
1396 2626 1554 2672 Possi-

121 2707 291 2754 niauac
338 2710 566 2757 versionis
611 2711 841 2758 luxuriem
889 2709 1144 2772 depascere
1188 2707 1320 2754 licuit
1363 2706 1425 2755 ad
1469 2707 1556 2754 ali-
