1754 3086
242 82 355 150 346
709 101 890 145 ANNAE
925 101 1218 146 coMNENAE

239 195 363 249 ὅλους
391 198 575 255 ῥυτῆρας
618 199 764 251 ἕνδοὺς
807 201 879 243 καί
903 203 1031 256 μέχρι
1062 203 1143 244 τῶν
1170 200 1341 252 ἆμαξῶν
1367 198 1519 244 ἑαυτόν
1543 203 1673 256 ἔμβα-

237 265 341 319 λών,
384 264 523 308 ἔπειτα
559 267 755 321 γενναίως
795 266 1107 322 ἀγωνισάμενος
1147 267 1249 320 μετὰ
1288 264 1391 310 ἑπτὰ
1433 267 1506 310 καί
1531 267 1671 322 μόνων

236 332 549 386 ἑπανέστρεψε,
577 334 659 375 τῶν
706 329 842 375 ἄλλων
878 330 1073 375 ἁπάντων
1104 331 1218 387 παρὰ
1258 335 1340 376 τῶν
1366 334 1543 375 Σκυθῶν
1570 335 1672 374 dno-

235 398 507 452 σφαγέντων,
535 398 619 440 τῶν
648 399 693 440 δὲ
721 399 1073 452 κατασχεθέντων.
1138 400 1210 452 τῆς
1241 401 1288 441 δὲ
1314 397 1453 454 μάχης
1478 399 1549 441 ἐπὶ
1571 414 1673 455 τρυ-

236 461 361 515 τάνης
389 460 630 518 ἱσταμένης,
659 462 719 506 ἔτι
739 464 934 518 ἐκθύμως
963 463 1122 519 ἆμφοῖν
1149 466 1231 506 τῶν
1247 465 1568 520 στρατευμάτων
1592 466 1714 518 pta-5
1747 512 1749 514 ,

235 529 446 580 χομένων,
490 529 582 570 ἐπεὶ
619 527 797 583 λοχαγοί
830 545 938 578 τινες
975 530 1058 571 τῶν
1098 530 1272 572 Σκυθῶν
1317 529 1420 583 μετὰ
1454 529 1674 586 τριάκοντα

235 591 341 646 πρὸς
366 599 460 642 ταῖς
488 595 531 646 ἓξ
556 595 763 648 χιλιάδων
778 594 997 650 πόρρωθεν
1023 593 1243 648 ἐρχόμενοι
1270 597 1548 652 ἀνεφάνησαν,
1577 595 1674 638 οὐκ·

234 659 298 699 έτι
340 659 501 713 στέγειν
539 659 645 713 πρὸς
681 660 904 709 τοσούτους
955 661 994 702 οἱ
1016 658 1218 713 Ῥωμαῖοι
1258 659 1450 716 ἔχοντες,
1481 661 1534 704 τὰ
1562 662 1674 703 νῶτα

195 726 457 778 Οτηνικαῦτα
495 725 700 767 διδόασιν.
778 726 801 767 ὅ
820 729 961 779 μέντοι
987 726 1188 779 βασιλεὺς
1231 729 1485 783 προβέβλητο
1511 728 1586 782 τῆς
1614 728 1674 769 οἶ-

231 791 346 839 κειἀς
373 791 590 844 δυνάμεως
629 791 703 833 καὶ
739 791 974 848 ξιφηφόρος
1014 790 1224 848 εἱστήκει·
1279 795 1332 851 τῇ
1368 790 1491 851 ἑτέρᾳ
1516 793 1562 835 δὲ
1590 794 1725 836 τῶνιι

227 858 384 911 χειρῶν
433 859 504 911 τῆς
540 858 616 898 τοῦ
658 855 780 912 λόγου
811 856 970 913 μητρὸς
998 856 1044 900 τό
1075 854 1300 916 ὦμόφορον
1333 859 1524 914 σημαίαν
1555 860 1675 901 κατέ·

225 938 338 975 χων,
365 922 510 965 ἵστατο
547 927 644 976 μεθ’
686 922 844 966 ἱππέων
885 927 1084 978 γενναίων
1125 924 1290 980 ἀνδρῶν
1328 923 1458 968 εἴκοσι
1486 928 1677 967 καταλει-

226 990 376 1044 φθείς,
417 987 666 1045 Νικηφόρον
715 991 828 1045 φημί
864 991 941 1031 τοῦ
977 989 1072 1031 υἱοῦ
1105 991 1181 1032 τοῦ
1211 993 1434 1045 Διογένους
1472 991 1546 1033 καί
1581 993 1673 1032 Μι-

223 1051 340 1108 χαήλ
375 1052 742 1110 πρωτοστράτορος
776 1057 851 1097 τοῦ
886 1054 1028 1098 Δούκα
1071 1059 1143 1097 καί
1170 1058 1358 1113 α’ὁελφοῦ
1397 1057 1469 1112 τῆς
1506 1055 1676 1111 Αὕγοϋ·

227 1136 349 1175 στης,
401 1121 704 1175 συμπαρόντων
755 1121 828 1163 καί
873 1121 1077 1180 πατρῴων
1111 1122 1398 1177 θεραπόντων.
1475 1118 1673 1176 εἷσπηδὴ-
1693 1126 1731 1167 ι5

104 1190 215 1234 Ρ.ι97
227 1201 372 1236 σαντες
419 1187 465 1228 δέ
493 1202 603 1235 τινες
635 1186 756 1239 πεζοὶ
797 1188 960 1229 Σκύθαι
997 1194 1133 1243 τρεῖς,
1163 1188 1202 1230 οἱ
1228 1190 1306 1241 μὲν
1335 1187 1524 1243 αἱροῦσιν
1547 1186 1674 1229 αὐτόν

225 1251 489 1306 ἑκατέρωθεν
534 1254 611 1294 τοῦ
639 1255 848 1307 χαλινοῦ,
886 1253 909 1294 ὅ
951 1255 998 1295 δὲ
1036 1250 1117 1295 dm)
1142 1256 1217 1309 τῆς
1243 1253 1398 1309 κνήμης
1423 1255 1495 1308 τῆς
1523 1254 1672 1305 δεξιοῖς.

226 1314 248 1359 ὅ
274 1318 321 1359 δὲ
348 1319 426 1360 τοῦ
455 1315 548 1367 ἑνός
586 1317 665 1373 τήν
705 1323 832 1373 χεῖρα
879 1318 1012 1369 εὐθύς
1045 1320 1290 1373 ἀποτέμνει,
1332 1321 1478 1375 ἕτερον
1502 1320 1574 1372 δέ,
1603 1318 1676 1361 τὸν

226 1384 427 1440 ἀκινάκην
445 1384 663 1435 οἶνατείνας
680 1389 752 1427 καί
775 1387 1161 1441 ἐμβριμησάμενος,
1194 1385 1505 1440 ὄπισθόρμητον
1531 1385 1674 1438 ἑποιή-

226 1465 273 1493 σε
292 1466 305 1479 ·
360 1449 427 1492 τὸν
463 1452 510 1493 δὲ
537 1453 607 1505 τῆς
637 1452 792 1506 κνήμης
830 1454 976 1493 τοῦτον
1018 1454 1245 1505 κατέχοντα
1274 1450 1442 1507 πλήττει
1472 1449 1575 1492 κατὰ
1600 1453 1672 1506 τῆς
1685 1467 1736 1495 20

226 1515 420 1570 κόρυθος.
496 1516 572 1571 τήν
619 1519 666 1558 δὲ
696 1518 834 1573 φοράν
865 1519 940 1559 τοῦ
967 1519 1113 1573 ’ξίφους
1144 1518 1426 1572 ἐλαφροτέραν
1453 1513 1671 1571 ἐπήνεγκε,

226 1584 318 1625 οὔδ’
346 1579 419 1639 ὅλῃ
445 1585 563 1638 χειρί
589 1583 666 1636 τήν
695 1583 853 1639 πληγήν
883 1584 1013 1625 ἐποιέι
1032 1615 1043 1635 ,
1084 1583 1332 1635 πτοούμενος
1358 1581 1415 1637 μὴ
1445 1582 1560 1623 δυεῖν
1588 1579 1672 1623 θοὶ-

226 1664 346 1706 τερον
373 1649 491 1707 αὐτῷ
522 1651 730 1704 συμβαίη,
761 1651 833 1704 τῆς
866 1650 1150 1706 σφοδροτέρας
1175 1652 1313 1705 φορᾶς
1341 1649 1424 1690 τῶν
1450 1648 1586 1703 ξιφῶν
1613 1646 1670 1696 ὥς

319 1751 352 1773 2.
380 1741 504 1775 ἔπειτα
518 1753 525 1772 :
540 1740 603 1774 καὶ
629 1740 669 1774 Α.
774 1739 904 1787 μόνων
927 1740 956 1773 Α
971 1766 979 1782 ,
1003 1739 1124 1787 μόνον
1147 1740 1216 1773 PG.
1339 1739 1372 1771 3.
1399 1737 1602 1783 ἀνέστρεψε
1624 1738 1665 1770 Α.

318 1787 352 1830 4.
381 1786 456 1822 τῶν
481 1786 520 1820 δὲ
536 1798 594 1821 :te
615 1790 679 1822 καὶ
703 1786 743 1820 A.
846 1798 895 1820 ιο.
924 1787 963 1822 δὲ
986 1799 1054 1820 om.
1078 1787 1117 1820 A.
1246 1785 1296 1828 14.
1321 1785 1372 1831 τῷ
1395 1783 1458 1819 τοῦ
1480 1782 1607 1820 Δοῦκα
1620 1783 1664 1818 G.

322 1835 373 1867 16.
401 1836 577 1880 αἴρουσιν
592 1834 631 1867 A.
731 1837 782 1870 18.
800 1831 910 1871 εὕθὺς
933 1829 999 1876 τὴν
1011 1840 1121 1879 χεῖρα
1144 1834 1187 1866 G.
1283 1843 1338 1865 22.
1369 1831 1450 1866 ow
1476 1851 1523 1857 --
1548 1831 1671 1866 ἐποίει,

316 1891 387 1913 om.
411 1881 454 1913 G.
595 1881 696 1916 δυεῖν
720 1882 769 1922 A,
795 1881 900 1916 δυοῖν
927 1882 998 1914 PG.
1123 1883 1178 1916 23.
1209 1878 1466 1925 σφοδροτέρας
1488 1879 1535 1920 A,
1561 1887 1663 1924 otpo—

320 1927 506 1974 δρωτέρας
530 1927 598 1960 PG.

226 2012 380 2046 admisso
408 2023 500 2057 equo
525 2023 639 2058 usque
665 2013 709 2045 ad
733 2013 890 2058 plaustra
916 2012 1110 2058 processit,
1146 2016 1182 2045 et
1213 2016 1400 2056 postquam
1431 2009 1572 2043 fortiter
1593 2020 1662 2055 pu-

228 2060 370 2104 gnavit,
399 2071 476 2092 cum
501 2065 637 2104 septem
671 2065 808 2093 tantum
833 2059 1020 2093 comitibus
1049 2070 1206 2093 reversus
1235 2063 1304 2095 est,
1346 2057 1473 2090 ceteris
1497 2056 1665 2089 omnibus

227 2118 249 2140 a
272 2105 408 2150 Scythis
434 2111 496 2139 aut
520 2107 714 2140 interfectis
742 2113 804 2140 aut
843 2108 964 2151 captis.
1004 2112 1078 2139 erat
1101 2117 1229 2149 anceps
1265 2104 1380 2137 adhuc
1404 2103 1494 2136 belli
1517 2103 1664 2136 fortuna

227 2160 265 2187 et
287 2154 331 2187 ab
358 2158 510 2199 utroque
554 2155 709 2187 exercitu
734 2155 811 2199 pari
854 2155 1035 2187 alacritate
1058 2153 1280 2198 pugnabatur
1295 2177 1305 2192 ‚
1332 2163 1412 2184 cum
1434 2150 1542 2183 duces
1566 2161 1661 2183 non-

225 2201 319 2234 nulli
344 2199 549 2243 Scytharum
573 2213 652 2234 cum
678 2202 822 2245 triginta
839 2213 899 2234 sex
923 2201 1080 2234 millibus
1099 2199 1223 2246 procul
1241 2197 1560 2243 conspiciebantur.
1584 2203 1668 2230 tum

226 2249 406 2281 enimvero
435 2248 602 2288 Romani,
638 2249 747 2281 tantis
782 2248 935 2281 hostium
969 2249 1079 2292 copiis
1115 2259 1187 2280 non
1217 2246 1366 2291 amplius
1400 2255 1523 2290 pares,
1561 2249 1663 2287 terga

223 2299 418 2329 verterunt.
443 2299 480 2327 {rt
511 2294 702 2339 imperator
733 2300 815 2328 ante
848 2296 958 2328 aciem
984 2307 1126 2328 suorum
1157 2294 1276 2326 stricto
1301 2292 1416 2325 stabat
1442 2290 1582 2335 gladio,
1606 2290 1661 2322 al-

225 2347 300 2376 tera
332 2353 438 2376 manu
466 2341 589 2374 Matris
616 2341 715 2374 verbi
749 2342 860 2375 divini
895 2341 1076 2375 humerale
1111 2346 1278 2386 tanquam
1311 2339 1482 2372 vexillum
1507 2342 1663 2377 tenens,
1728 2340 1749 2397 ι

225 2389 408 2435 equitibus
443 2389 568 2432 viginti
603 2388 818 2429 fortissimis,
853 2388 1055 2433 Nicephoro
1091 2387 1260 2431 Diogenis
1296 2386 1371 2420 filio
1408 2390 1444 2418 et
1482 2383 1663 2418 Michaele-

223 2440 478 2481 protostratore
501 2436 622 2475 Duca,
665 2436 839 2479 Augustae
864 2435 969 2468 fratre
984 2460 994 2475 ,
1030 2435 1262 2480 paternisque
1287 2433 1394 2466 servis
1419 2430 1655 2465 adstantibus

223 2494 375 2529 cumque
388 2481 538 2524 Scythae
562 2488 632 2515 tres
660 2482 798 2527 pedites
823 2482 1086 2523 inveherentur,
1112 2493 1262 2527 quorum
1279 2480 1350 2513 duo
1377 2480 1554 2524 utrimque
1581 2476 1654 2509 fre-

223 2542 288 2563 nos
315 2530 533 2574 corripiunt,
573 2530 696 2562 tertius
722 2529 843 2563 tibiam
884 2528 1076 2573 prehendit
1109 2528 1308 2568 dexteram,
1332 2526 1525 2570 imperator
1549 2523 1656 2556 unius

222 2577 341 2610 statim
364 2576 518 2610 abscidit
554 2587 718 2617 manum,
754 2576 903 2609 alterum
936 2576 1077 2608 acinace
1102 2575 1267 2615 obiecto,
1303 2574 1453 2617 graviter
1489 2570 1652 2604 intermi-

221 2635 329 2664 nans,
356 2624 393 2657 in
424 2623 540 2666 sugam
562 2623 685 2665 vertit3
715 2635 791 2656 eum
823 2622 977 2668 denique
994 2648 1003 2662 ‚
1041 2623 1104 2667 qui
1137 2621 1259 2655 tibiam
1286 2618 1542 2665 prehenderat,
1568 2617 1656 2661 pul-

222 2671 311 2705 savit
333 2672 370 2705 in
395 2671 505 2715 galea.
530 2670 592 2704 sed
617 2671 725 2707 ictmn
752 2670 922 2707 leviorem
948 2669 1090 2711 intulit,
1133 2681 1199 2702 nce
1224 2673 1299 2702 tota
1322 2677 1426 2700 manu
1453 2666 1491 2699 iu
1512 2663 1653 2710 plagam
