1754 3086
239 35 347 91 352
696 50 877 94 ANNAE
916 52 1210 96 COMNENAE

108 162 142 197 P.
153 172 221 197 200
233 151 436 196 ἱππασίαν
474 152 787 206 ποιησαμένων,
830 152 870 194 οῖ
895 156 973 206 μὲν
1001 153 1286 209 πεπτώκασιν,
1316 155 1355 198 οἱ
1381 159 1428 200 δὲ
1455 154 1582 210 αὖθις
1608 159 1666 212 ὥς

230 221 290 268 εἰς
330 215 495 274 φωλεὸν
532 215 577 258 τὸ
622 219 854 274 συνηρεφὲς
892 214 1014 268 ἄλσος
1049 221 1446 276 παλινοστήσαντες,
1486 221 1665 276 ἑαυτούς

228 285 391 328 ἔσωσαν
410 284 700 339 κρυπτόμενοι.
757 286 802 326 ἐν
830 285 876 326 δὲ
905 288 962 342 τῷ
988 284 1060 327 τὸν
1090 289 1383 342 Παλαιολόγον
1408 289 1666 347 οἷκρολοφίαν

229 348 321 392 τινοὶ
354 346 688 402 καταλαμβάνειν
714 350 795 391 ὑπὸ
835 351 916 392 τῶν
943 350 1223 402 Πατζινάκων
1248 349 1376 404 αὖθις
1403 353 1664 410 διωκόμενον,

230 418 383 470 συνέβη
413 413 481 456 τὸν
513 414 636 456 ἵππον
678 417 883 470 πληγέντα
911 423 1171 470 καταπεσεῖν,
1210 418 1339 461 αὐτὸν
1368 421 1415 463 δὲ
1441 424 1703 476 τηνικαῦταό

230 483 290 531 εἰς
317 479 363 523 τὸ
395 482 694 536 παρακείμενον
722 477 818 533 ὄρος
844 483 1044 523 εἰσδῦναι.
1101 483 1312 538 ἀναζητῶν
1337 488 1383 527 δὲ
1407 485 1483 542 τήν
1507 486 1668 539 σώζου-

228 563 307 590 σαν
336 545 456 600 ὄδόν,
484 546 576 589 ἐπεῖ
602 546 757 604 ῥᾳδίως
780 546 837 601 μὴ
868 548 960 600 ἐξῆν
1004 548 1120 606 αὐτῷ
1147 549 1299 606 ταυτὴν
1327 551 1568 607 εὖρηκέναι,
1597 554 1671 595 ἐπὶ

229 615 375 655 ἕνδεκα
402 611 578 667 ἡμέραις
616 611 878 666 πλανώμενος
906 611 1194 668 περιτυγχάνει
1220 615 1391 668 γυναικί
1408 634 1516 668 τινος
1541 619 1670 674 ’στρα-

96 687 138 722 V.
158 680 373 731 159naizov
404 677 516 736 χήρᾳ
545 679 618 720 καί
655 681 922 731 ἐπιξενιζεται
960 685 1059 733 παρ’
1096 681 1228 735 αὐτῆς
1255 683 1324 738 ἐφ’
1350 682 1528 739 ἡμέραις
1550 686 1667 727 τισί·

230 749 433 796 σωθέντες
451 747 496 789 δὲ
513 747 591 788 τοῦ
609 743 799 788 κινδύνου
830 746 902 788 καί
920 743 958 787 οἱ
977 747 1132 801 ταύτης
1152 746 1257 796 υἱεῖς
1283 752 1535 802 στρατιῶται
1563 745 1673 799 ὄντες
1690 766 1721 792 ιι

192 813 305 866 Βτὴν
329 812 549 865 σώζουσαν
574 811 705 869 τούτῳ
736 809 834 853 ὁδὸν
862 810 1220 855 ὑποδεικνύουσιν.
1261 814 1366 856 α’λλὰ
1394 817 1567 858 τοιαῦτα
1593 818 1671 869 μὲν

188 884 191 886 ’
229 881 287 936 τῷ
322 879 599 936 Παλαιολόγῳ
645 878 924 930 συμπεσόντα.
983 877 1021 920 οἱ
1049 879 1095 920 δέ
1124 894 1170 932 γε
1195 882 1277 921 τῶν
1299 881 1473 923 Σκυθῶν
1501 879 1672 936 λογάδες

230 943 305 994 οὓς
332 947 532 998 κατέσχον
561 943 849 999 δορυαλώτους
877 945 1120 987 α’ποκτεῖναι
1134 945 1413 1000 ἐβουλεύοντο,
1433 947 1478 990 τό
1499 949 1547 990 δὲ
1569 949 1674 1002 πλῆ-

228 1014 305 1061 θος
333 1013 408 1053 τοῦ
433 1011 573 1052 κοινοῦ
607 1008 650 1052 τὸ
683 1011 882 1065 παράπαν
918 1013 1042 1053 τοῦτο
1071 1011 1122 1053 οὕ
1150 1011 1400 1067 συνεχώρει,
1426 1011 1674 1068 βσυλόμενοι

228 1077 524 1131 ἀπεμπολῆσαι
538 1075 706 1125 τούτους
723 1080 863 1131 τιμῆς.
892 1076 1045 1132 ταύτης
1058 1079 1159 1131 γοῦν
1183 1081 1258 1133 τῆς
1283 1080 1439 1133 βουλῆς
1468 1079 1673 1135 κυρωθεί-
1692 1080 1727 1122 15

227 1159 316 1198 σης,
336 1144 497 1184 δι’δοται
514 1145 666 1196 γνῶσις
679 1144 737 1199 τῷ
753 1145 924 1194 βασιλεῖ
937 1142 1007 1184 διὰ
1026 1142 1281 1199 γραμμάτων
1294 1147 1370 1187 τοῦ
1389 1147 1676 1201 Μελισσηνοῦ,

229 1207 275 1258 ὃς
295 1207 428 1250 πολλοὶ
445 1207 549 1264 πρὸς
575 1211 710 1262 τοῦτο,
739 1205 817 1250 κᾶν
845 1209 1108 1263 δορυάλωτος
1128 1206 1196 1265 ἦν,
1225 1209 1504 1261 τούςΣκύθας
1530 1212 1676 1268 ἠρέθι-

183 1297 186 1299 ’
230 1278 314 1327 ζεν.
389 1273 412 1316 ὅ
455 1275 502 1317 δὲ
527 1274 726 1327 βασιλεὺς
751 1277 810 1324 εἰς
839 1274 1004 1331 Βερόην
1032 1275 1092 1318 ἔτι
1123 1276 1422 1332 ἐνδιατρίβων,
1452 1279 1526 1332 τῆς
1551 1281 1677 1332 βασι·

231 1343 345 1390 λίδος
372 1341 454 1383 τῶν
479 1337 640 1383 πόλεων
665 1339 868 1398 χρήματα
898 1340 1018 1384 ἱκανοὶ
1048 1344 1551 1400 μετακομισας,ξπριἀτο
1579 1343 1677 1392 τούς

234 1406 536 1462 δορυαλώτους.
1688 1423 1733 1450 20

345 1474 385 1516 5.
443 1471 780 1527 Καταλαμβάνω
808 1476 854 1516 δὲ
871 1476 1097 1530 τηνικαῦτα
1125 1478 1197 1518 καί
1221 1475 1245 1516 ὅ
1266 1476 1394 1525 Τατὸς
1423 1474 1498 1518 τόν
1512 1471 1676 1532 Ἴστρον

198 1540 335 1594 cus&
363 1532 421 1581 ὧν
465 1536 747 1594 ὑπεποιήσατο
786 1541 1023 1595 Κομάνων,
1066 1542 1110 1584 οἵ
1130 1540 1205 1598 τὴν
1230 1540 1437 1598 τοσαύτην
1461 1545 1577 1585 λειάν
1605 1541 1679 1583 καὶ

336 1677 365 1699 ι.
392 1664 443 1704 ὥς
465 1663 546 1698 add.
577 1664 615 1698 C.
687 1665 720 1708 4.
754 1665 904 1701 σκυθῶν
928 1664 969 1698 A.
1043 1666 1075 1700 5.
1099 1664 1298 1708 τηνικαῦτα
1319 1676 1389 1699 om.
1414 1665 1455 1699 A.
1527 1676 1560 1710 7.
1577 1663 1677 1710 αὐτῷ

330 1711 412 1746 add.
430 1712 471 1745 A.
544 1711 577 1745 8.
604 1713 756 1757 γυναικί
777 1724 851 1746 τινι
873 1712 972 1757 χήρᾳ
995 1711 1037 1746 Α.
1107 1723 1140 1754 9.
1164 1713 1225 1758 ἐφ’
1242 1712 1323 1746 add.
1337 1712 1377 1746 A.
1431 1722 1433 1724 ·
1479 1723 1529 1746 ιο.
1551 1711 1591 1747 ἐκ
1613 1710 1678 1746 τοῦ

328 1760 421 1793 coni.
444 1757 633 1793 Hoeschel.
727 1761 790 1792 καὶ
817 1758 897 1791 add.
921 1760 961 1792 A.
1081 1761 1154 1793 υἱοὶ
1171 1760 1211 1792 A.
1324 1757 1548 1806 στρατιῶται
1576 1757 1679 1797 ὄντες

330 1805 410 1840 add.
432 1807 471 1839 A.
548 1809 599 1843 18·
624 1805 822 1851 διατρίβων
843 1806 885 1841 Α.
984 1806 1131 1839 fortasse
1156 1807 1195 1841 ἐκ
1217 1805 1290 1849 τῆς.
1361 1819 1417 1841 21.
1441 1802 1575 1850 τατοὺχ
1595 1806 1677 1845 AG,

334 1848 454 1889 Τατοὺ
479 1853 518 1887 C.
589 1863 643 1886 22.
661 1851 869 1900 κομμάνων
883 1853 912 1887 Α
925 1853 1071 1899 ubique.
1141 1853 1322 1897 τοσαύτην
1331 1853 1399 1894 CA,
1417 1853 1587 1895 τοιαύτην
1608 1852 1677 1886 PG.

242 1967 471 2008 ceciderunt,
494 1966 557 1999 alii
582 1966 620 1999 in
634 1964 764 2000 densae
789 1967 898 2001 silvae
923 1967 1078 2000 latebras
1098 1966 1226 2000 reversi
1251 1977 1326 2000 sese
1343 1966 1577 1999 occultarunt.
1601 1976 1680 1999 cum

244 2015 476 2059 palaeologus
500 2013 628 2046 collem
656 2012 881 2054 ascenderet,
910 2015 1037 2046 iterum
1065 2013 1256 2046 Patzinacis
1297 2013 1590 2058 insequentibus,
1619 2023 1679 2045 ac·-

243 2062 349 2103 cidit,
381 2067 422 2094 ut
455 2071 567 2106 equus
598 2060 806 2094 vulneratus
842 2060 998 2094 caderet:
1030 2061 1105 2105 ipse
1130 2066 1285 2093 montem
1312 2060 1534 2093 adiacentem
1558 2059 1680 2092 subiit.

242 2108 330 2142 inde
356 2109 468 2148 viam,
498 2118 569 2153 qua
598 2118 635 2140 se
661 2108 851 2153 reciperet,
887 2109 1107 2153 quaeritans,
1142 2119 1251 2153 quum
1289 2105 1393 2140 facile
1428 2106 1578 2152 reperiri
1607 2117 1680 2139 non

243 2160 383 2202 posset,
405 2153 572 2188 undecim
597 2153 673 2187 dies
697 2155 734 2187 in
762 2155 852 2188 saltu
878 2154 1070 2188 oberravit:
1102 2155 1246 2187 tandem
1281 2164 1300 2185 a
1324 2153 1431 2186 vidua
1454 2153 1579 2186 militis
1610 2153 1680 2186 ho·-

242 2203 350 2248 spitio
375 2213 440 2247 per
463 2201 604 2246 aliquot
621 2200 695 2233 dies
720 2207 886 2246 exceptus
918 2207 988 2242 est,
1013 2202 1112 2234 cuius
1138 2201 1221 2240 filii,
1249 2201 1408 2244 periculo
1440 2206 1477 2234 et
1498 2201 1567 2245 ipsi
1594 2212 1679 2244 per-

242 2250 357 2283 functi
370 2249 513 2288 milites,
541 2250 631 2281 viam
655 2248 725 2292 ipsi
751 2254 1002 2281 monstrarunt.
1030 2248 1119 2280 haec
1147 2246 1290 2293 quidem
1306 2248 1516 2291 Palaeologo
1539 2246 1681 2280 accide-

241 2301 339 2330 runt.
362 2295 569 2339 Scytharum
584 2299 701 2327 autem
729 2294 834 2328 duces
860 2307 938 2327 cum
957 2296 1114 2339 captivos
1141 2294 1340 2327 interficere
1358 2294 1397 2326 in
1425 2295 1542 2327 animo
1568 2294 1680 2327 habe-

242 2349 339 2384 rent,
363 2340 556 2376 multitudo
596 2340 635 2373 id
666 2352 893 2387 nequaquam
924 2342 1103 2387 permisit,
1134 2341 1196 2374 sed
1229 2340 1438 2374 venumdari
1471 2352 1531 2374 eos
1566 2341 1681 2373 iussit.

241 2390 331 2423 haec
355 2389 418 2423 ubi
440 2389 527 2422 vicit
551 2388 739 2428 sententia,
763 2389 967 2434 imperatori
994 2400 1047 2421 res
1070 2389 1235 2421 nuntiata
1261 2393 1313 2421 est
1335 2388 1518 2421 Melisseni
1542 2386 1680 2422 litteris.

244 2437 326 2482 qui,
354 2437 441 2470 licet
462 2436 538 2480 ipse
573 2434 752 2479 captivus,
778 2436 930 2468 multum
955 2435 1102 2478 Scythas
1133 2434 1178 2468 ad
1203 2435 1270 2467 hoc
1301 2434 1487 2468 consilium
1511 2434 1682 2467 adhorta-

243 2489 301 2517 tus
327 2489 391 2517 est.
417 2483 624 2527 imperator,
659 2482 792 2514 Beroae
826 2481 942 2514 adhuc
977 2493 1219 2522 commorans,
1246 2481 1399 2526 pecunia
1427 2487 1481 2515 sat
1503 2481 1614 2514 multa
1639 2492 1683 2514 ex

242 2530 331 2564 urbe
355 2533 557 2576 apportata,
581 2528 738 2572 captivos
764 2527 922 2560 redemit.

337 2578 369 2610 5.
401 2575 536 2610 Eodem
562 2580 721 2619 tempore
750 2575 861 2608 Tatus
886 2574 930 2607 ad
947 2576 1074 2607 Istrum
1089 2575 1253 2619 pervenit
1269 2586 1347 2607 cum
1371 2574 1427 2614 iis,
1451 2585 1541 2619 quos
1569 2573 1682 2607 colle-

245 2629 354 2668 gerat,
377 2623 553 2657 Comanis.
578 2621 639 2667 qui
665 2619 726 2654 ubi
753 2626 887 2655 tantam
912 2620 1078 2667 praedam
1098 2622 1390 2667 captivorumque
1417 2620 1684 2655 multitudinem
