1754 3086
661 169 978 212 PRAEFATIO.
1448 171 1536 211 XXI

107 266 287 330 spicere
312 263 538 323 licuisset,
572 279 717 325 quem
752 264 801 310 in
835 264 961 309 Petri
986 263 1139 324 Fabri,
1167 260 1260 310 lCti
1293 261 1540 323 Tolosani,

109 345 460 393 Commentario
498 344 558 390 ad
575 345 754 407 Leg.·11.
792 344 852 390 dc
888 345 995 390 lust.
1034 353 1080 389 ct
1109 344 1212 391 Iure
1243 362 1292 407 p.
1312 347 1422 391 751.
1459 360 1539 390 ex-

108 437 245 490 stare,
279 427 545 490 Ducangius
574 427 635 474 ad
655 428 776 472 Ann.
794 426 960 472 Comn.
1000 427 1052 472 ll.
1073 429 1117 473 8.
1152 443 1201 489 p.
1225 424 1334 488 114,
1358 428 1431 473 19.
1467 435 1540 472 te—

105 518 266 557 statur.
347 509 519 555 Verum
567 509 698 555 hunc
740 507 1180 568 Commentarium,
1214 509 1299 555 etsi
1330 507 1542 555 studiose

107 591 333 655 quaesivi,
367 591 576 637 nancisci
601 608 700 637 non
723 591 875 653 potui.
1009 590 1138 636 Alter
1171 589 1322 636 codex
1357 599 1427 636 est
1449 591 1541 637 Va-

103 672 308 732 ticanus,
342 672 427 735 qui
463 688 571 718 cum
615 680 813 718 exeunte
855 672 1043 718 saeculo
1077 672 1299 735 proximo
1331 672 1483 718 Roma
1514 687 1541 717 a

109 753 418 815 Francogallis
445 753 650 799 Parisios
685 753 866 799 ablatus
899 761 1045 813 esset,
1081 752 1143 799 ad
1175 753 1425 815 pristinam
1463 769 1539 799 se-

108 833 218 882 dem
238 834 420 881 (ludum
439 833 595 880 rediit.
620 834 728 880 Eius
746 835 1042 880 mentionem
1061 834 1274 881 fecerunt
1289 834 1369 881 Ste
1385 832 1541 894 Croix,

105 916 311 964 Examen
345 916 547 978 critique
581 915 665 961 des
707 916 900 962 anciens
938 916 1196 962 historiens
1229 914 1539 962 d’Alexandre

104 997 149 1044 lc
182 997 371 1058 Grand,
417 1013 508 1043 sec.
546 996 659 1043 edit.
710 1014 757 1061 p.
779 999 888 1045 759.
926 1006 973 1044 ct
1018 997 1139 1044 Frid.
1176 997 1377 1044 Wilken.
1421 997 1536 1043 Hist.

104 1076 272 1125 Comn.
293 1095 340 1141 p.
357 1078 447 1124 XV.
514 1078 667 1125 Minus
697 1088 823 1124 recte
857 1087 1102 1141 postremo
1135 1079 1186 1125 in
1220 1079 1328 1124 loco
1353 1078 1539 1124 Vatica-

106 1177 194 1207 nus
226 1161 342 1207 alter
374 1161 649 1223 appellatur.
730 1160 872 1206 Error
906 1159 1042 1221 inde,
1077 1169 1131 1207 ut
1165 1161 1366 1223 opinor,
1393 1160 1540 1220 venit,

106 1241 240 1305 quod
269 1243 506 1289 Fabricius
545 1243 594 1288 in
629 1243 748 1288 Bibl.
784 1244 946 1288 Gracc.
980 1243 1078 1287 vol.
1098 1242 1189 1287 VII.
1225 1259 1272 1304 p.
1297 1244 1406 1287 727.
1454 1258 1539 1287 co·-

103 1323 278 1384 dicem,
309 1341 407 1386 quo
431 1324 654 1369 Possinus
688 1340 798 1370 usus
833 1332 917 1384 est,
950 1324 1228 1369 Vaticanum
1264 1321 1398 1378 dixit,
1428 1339 1538 1368 cum

102 1405 244 1452 fucrit
277 1405 600 1451 Bibliothecae
633 1405 935 1451 Barberinae.
1016 1404 1056 1450 Is
1100 1404 1240 1467 igitur
1274 1403 1396 1450 liber
1429 1421 1538 1450 vere

102 1487 348 1534 Vaticanus
396 1487 444 1533 in
492 1485 755 1547 schedulis,
800 1503 826 1532 a
858 1486 1120 1533 Niebuhrio
1166 1486 1286 1531 mihi
1325 1485 1538 1546 traditis,

101 1567 447 1615 accuratissime
493 1569 560 1615 sic
606 1568 906 1614 describitur:
950 1566 1144 1628 „Codex
1188 1567 1539 1630 bombycinus,

99 1651 251 1698 forma
284 1652 513 1712 maxima,
555 1651 676 1696 soliis
708 1651 845 1710 392„
878 1650 988 1695 satis
1022 1649 1257 1695 luculenta
1295 1658 1341 1694 ct
1367 1648 1537 1711 grandi

99 1732 268 1793 littera,
301 1733 487 1778 saeculo
522 1731 632 1777 XVI.
670 1741 880 1777 exaratus
925 1739 1007 1776 est.
1076 1731 1128 1776 In
1168 1747 1225 1777 eo
1261 1730 1536 1776 continetur

98 1813 262 1860 Annae
297 1813 570 1860 Comneuac
604 1813 784 1859 Alex-ias
829 1813 966 1859 initio
1015 1821 1061 1857 et
1104 1812 1199 1857 fine
1230 1812 1410 1858 mutila.
1480 1814 1535 1858 In

104 1913 201 1942 uno
235 1912 290 1942 cx
324 1896 447 1942 soliis
496 1895 754 1941 chartaceis
804 1894 1022 1956 praefixis
1063 1893 1182 1939 hacc
1207 1894 1390 1956 scripta
1424 1902 1535 1939 sunt

98 1994 244 2025 manu
278 1978 422 2024 Fulvii
457 1977 633 2023 Ursini:
667 1975 851 2022 “Annae
871 1975 1144 2022 Conmenac
1170 1975 1364 2022 Alexias.
1402 1974 1535 2019 Ἀλε-

98 2058 212 2115 ξιάς.
280 2061 502 2123 Emptum
528 2077 583 2105 cx
617 2059 749 2104 libris
780 2057 1030 2104 cardinalis
1062 2057 1266 2118 Sirlcti”,
1299 2058 1424 2103 tituli
1459 2058 1535 2103 iu-

20 2175 22 2181 ν
98 2151 220 2204 star,
257 2158 365 2188 nam
390 2158 510 2204 opus
543 2141 698 2204 ipsum
730 2139 1004 2202 imperfecte
1027 2140 1198 2203 incipit
1227 2140 1354 2186 s01.1.
1387 2148 1537 2200 recto,

97 2225 285 2285 μᾶλλον
318 2221 494 2269 τοῦτον
527 2223 788 2275 κατέτλους
831 2222 946 2278 (sic)
982 2223 1172 2267 ἐκεῖνον·
1205 2219 1311 2281 ἅμα
1346 2222 1433 2281 μὲν
1455 2220 1537 2265 καὶ

97 2306 184 2358 τὴν
227 2303 478 2368 ταχίστην
521 2305 751 2350 κέλαιὲον
796 2305 913 2362 (sic)
959 2305 1358 2368 προαιρούμενος,
1413 2319 1536 2366 quac

0 2415 3 2424 ·
44 2403 46 2407 ⁴
98 2389 242 2434 verba
275 2387 495 2434 incidunt
528 2388 578 2433 in
608 2387 688 2432 lib.
707 2387 738 2432 1.
775 2386 850 2433 ed.
883 2387 991 2449 llcg.
1012 2389 1151 2433 1051.
1188 2387 1266 2432 sol.
1303 2403 1351 2449 p.
1378 2385 1532 2432 37.1).

0 2490 4 2498 ·
45 2483 48 2535 2
98 2469 283 2516 Desinit
299 2470 376 2515 sol.
397 2471 507 2516 301.
540 2486 703 2515 verso:
740 2469 802 2528 μὴ
837 2467 918 2513 καὶ
954 2468 1316 2532 ἀναγράφοντες
1350 2466 1414 2511 τά
1451 2466 1536 2509 λυ-

0 2572 5 2580 ·
46 2589 49 2611 ἶ
97 2548 222 2612 πηροὶ
254 2550 358 2605 <hic
379 2551 544 2596 lacuna
577 2550 834 2605 indicatur)
870 2546 1316 2612 ἑμπικραινοίμεὲα.
1389 2546 1539 2592 Dein-·

0 2659 6 2666 ·
48 2634 49 2639 ’
100 2648 212 2694 ceps
246 2632 323 2677 sol.
359 2634 468 2678 392.
506 2642 635 2694 recto
668 2633 884 2679 maximis
925 2633 1178 2694 rubrisque
1222 2629 1388 2675 litteris
1420 2629 1534 2673 sub-

0 2737 5 2745 ·
48 2707 50 2710 ’
98 2713 291 2776 scriptio
325 2714 511 2776 legitur:
542 2714 678 2767 τέλος
710 2715 801 2761 σὺν
824 2712 918 2777 θεῷ
942 2711 1031 2760 τοῦ
1054 2711 1291 2775 παρόντος
1326 2706 1531 2773 βιβλίου.
