1754 3086
178 89 294 156 448
637 109 822 152 ANNAE
859 110 1155 154 COMNENAE

135 209 324 255 Πσιλέως
342 205 700 262 ἅποποιήσασθαι.
715 210 807 252 ἐπει
825 213 870 253 δὲ
890 212 1050 266 πρωΐας
1067 211 1085 254 ὃ
1104 212 1300 266 βασι2εῦς
1321 215 1394 269 τῆς
1412 219 1629 271 προκειμέ-

175 289 247 327 νης
274 271 376 313 ὁδοῦ
396 269 549 327 ἥψατο,
580 277 795 318 συνείπετο
823 293 952 334 τοιτω
985 295 1053 319 και
1086 279 1107 319 ὃ
1124 283 1332 335 Διογένης,
1360 284 1629 332 τοῦιδιασκε-

178 337 372 390 δοίζοντος
399 338 550 390 βουλὰς
584 357 652 382 και
685 341 908 395 λογισμοὺς
938 345 1183 394 ἁθετοῦιτος
1211 348 1324 388 λαῶν
1353 349 1457 389 θεοῦ
1484 352 1630 391 τοῦτον

176 405 431 459 σφὴ2αντος,
472 410 815 460 γνωσιμαχοῦντα
845 410 922 462 μὲν
962 408 1033 452 τὸν
1062 410 1273 468 δρασμόν,
1301 412 1628 467 ὑπερτιθέμενον

179 471 224 511 δὲ
247 466 363 524 ὡραν
382 472 424 521 ἐξ
453 468 579 527 ω’ρας,
607 472 728 514 ὁποῖα
748 473 797 515 τὰ
825 476 901 515 τοῦ
924 478 1025 516 θεοῦ
1052 479 1248 529 κρίματα.
1306 481 1663 558 κατασκιζνώσαςὸ

178 551 254 577 ουν
283 537 417 590 αγχοῦ
443 555 525 579 των
544 541 727 592 Σερρῶν,
762 537 865 581 ὅπου
897 558 964 582 και
996 541 1017 581 ὁ
1052 542 1261 598 βασιλεύς,
1291 543 1419 593 αὐτὸς
1442 547 1519 597 μὲν
1545 549 1628 588 τῶν

179 602 376 656 συνήθων
405 602 538 658 εἴχετο
582 609 814 658 λογισμων,
852 623 908 656 ως
940 611 1242 663 πεφωραμέιος
1275 607 1353 664 ἢὸη
1381 613 1452 652 καί
1480 611 1630 660 δεδιώς

179 669 224 711 τὸ
250 671 412 722 μέλλον.
477 669 496 711 ὃ
542 673 588 713 δὲ
615 671 814 724 βασιλεῦς
845 679 1138 725 μετακαλεῖται
1169 679 1395 730 τηνικαῦτα
1424 676 1495 718 τὸν
1521 676 1629 719 ἴδιον

49 736 363 791 Ρ.259α’()“ελφόν
403 736 623 790 Ἀδριανὸν
665 738 738 778 καί
777 741 910 792 μέγαν
949 741 1192 791 δομέστικον
1235 745 1327 783 κατ’
1366 741 1501 797 αὐτὴν
1553 741 1629 797 τὴν

176 800 378 856 ἑσπέραν,
409 804 452 844 ἑν
477 798 506 859 ᾗ
537 805 611 845 καί
640 801 762 858 ἢτοῦ
789 803 1162 860 μεγαλομοὶρτυρος
1200 808 1423 863 Θεοδώρου
1455 810 1628 851 ἐτελεῖτο
1645 823 1693 850 ιο

175 869 328 924 μνήμη.
399 871 474 910 καί
502 871 719 911 κοινοῦται
748 865 874 920 αὖθις
915 873 1043 929 τούτῳ
1071 872 1120 913 τὰ
1151 877 1228 915 τοῦ
1255 876 1491 928 Διογένους,
1520 876 1630 928 μηδὲ

176 934 220 976 τὸ
251 932 448 990 πρότερον
470 935 696 989 ἀγνοοῦντι,
727 935 781 986 ὥς
810 938 988 992 ξιφήρης
1009 937 1150 995 εἰσῄει,
1179 937 1233 987 ὥς
1253 940 1431 995 (inuio-317
1462 942 1535 995 τῆς
1549 941 1631 982 θῦ-

177 1018 267 1056 ρας,
298 1001 354 1050 ὥς
368 1000 412 1043 τὸ
445 1000 575 1042 πάλαι
594 1004 935 1055 βεβουλευμένον,
966 1004 1005 1045 εἰ
1030 1003 1219 1057 δυνατόν,
1250 1007 1416 1047 ἵσταται
1437 1005 1630 1048 σπεύδων

177 1070 356 1109 τελέσαι.
413 1069 639 1122 τηνικαῦτα
671 1064 746 1111 οὖν
776 1070 1017 1125 ἐπισκήπτει
1045 1074 1101 1128 τῷ
1123 1073 1348 1130 ὃομεστίκῳ
1379 1071 1401 1114 ὅ
1429 1069 1631 1127 βασιλεῦς

38 1141 83 1175 V.
98 1141 165 1173 205
180 1132 252 1174 τὸν
281 1132 481 1188 Διογένην
512 1136 571 1183 εἰς
599 1133 675 1189 τήν
715 1135 827 1177 ἰδίαν
859 1139 1229 1188 μετακαλέσασθαι
1267 1137 1421 1194 σκηνὴν
1460 1138 1533 1180 καί
1560 1138 1628 1180 διὰ
1647 1141 1695 1181 15

179 1202 398 1254 μειλιχίων
445 1202 577 1254 λόγων
608 1200 682 1243 καί
706 1205 913 1244 παντοίων
952 1203 1221 1257 ὑποσχέσεων
1250 1210 1392 1246 πεῖσαι
1422 1202 1632 1247 α’νακαλύ-

180 1278 263 1320 ψαι
290 1264 453 1308 ἅπαντα
483 1266 534 1308 τὰ
565 1271 888 1321 βεβουλευμένα,
931 1267 1141 1311 ἀπάθειαν
1172 1266 1288 1327 αῦτῷ
1316 1270 1631 1328 ὑπισχνουμένῳ

181 1336 255 1375 καί
283 1334 518 1389 α’μνηστιάν
544 1337 619 1376 τοῦ
650 1338 800 1376 λοιποῦ
827 1338 908 1377 τῶν
929 1339 1076 1389 κακῶν,
1108 1337 1148 1377 εἰ
1160 1338 1257 1390 μηδ’
1277 1333 1419 1379 ὃτιοῦν
1446 1336 1634 1390 α’ποκρύ-

142 1411 315 1453 Βψειεν,
351 1399 458 1441 οἶλλοὶ
488 1402 559 1443 καί
585 1400 682 1450 τοὺς
715 1404 964 1457 συνίστορας
991 1403 1144 1452 ἐξείποι
1174 1399 1372 1452 ἅπαντας.
1399 1403 1420 1444 ὃ
1451 1404 1498 1444 δὲ
1524 1402 1634 1444 ἄθυ-

180 1469 281 1518 μίας
310 1467 468 1522 πλήρης
511 1466 757 1521 γενόμενος,
798 1465 910 1520 ὅμως
947 1467 1127 1522 ἐπλήρου
1168 1467 1212 1509 τὸ
1245 1471 1480 1511 κελευσθέν.
1535 1469 1696 1515 norim

181 1534 258 1585 μὲν
288 1529 363 1575 οὖν
390 1534 600 1586 α’πειλαῖν,
645 1533 714 1575 ὁτὲ
746 1535 792 1575 δὲ
836 1533 1188 1588 ὑπισχνούμενος,
1230 1533 1299 1577 ὁτὲ
1339 1535 1384 1576 δὲ
1412 1538 1484 1576 καί
1521 1551 1628 1587 συμ-

276 1670 309 1702 3.
336 1663 468 1714 βουλὰς
492 1679 561 1701 om.
591 1668 634 1701 G.
731 1670 762 1710 4.
795 1667 1020 1723 ἅᾳείλαντος
1047 1668 1090 1701 G.
1187 1662 1251 1704 τὸν
1277 1668 1446 1716 δρασμόν
1472 1681 1540 1703 om
1557 1670 1629 1703 CG.

276 1718 309 1750 6.
332 1717 464 1761 Σεριῦν
484 1715 521 1748 C.
638 1726 672 1773 9
694 1711 919 1762 Ἀνδριανὸν
944 1716 996 1749 G.
1142 1717 1192 1750 16.
1218 1721 1347 1770 πεῖραι
1371 1718 1404 1756 P,
1442 1717 1564 1751 δεῖσαι
1587 1717 1631 1758 G,

275 1769 406 1798 πεῖσαι
431 1763 602 1806 C.17.
629 1762 930 1810 ὑπισχιόὐαενος
953 1763 1025 1797 CG.
1122 1775 1177 1797 20
1204 1758 1248 1798 τὰ
1281 1765 1525 1800 κελευσθέντα
1558 1764 1629 1797 CG.

278 1821 335 1842 21.
364 1809 422 1845 ὁτὲ
447 1810 565 1856 prius:
591 1810 682 1845 ποτὲ
710 1811 781 1844 CG.

186 1940 254 1962 nus
284 1927 422 1969 eodem,
447 1939 519 1974 quo
545 1929 753 1974 accepisset,
780 1928 837 1961 die
862 1929 966 1962 alteri
991 1929 1135 1962 donare.
1167 1928 1342 1974 postridie
1368 1933 1488 1962 autem
1515 1929 1632 1974 impe-

189 1981 306 2009 ratore
343 1976 523 2020 inceptum
561 1977 629 2009 iter
653 1977 898 2016 continuante,
929 1977 1036 2009 etiam
1062 1977 1239 2020 Diogenes
1264 1977 1437 2021 sequitur,
1464 1987 1483 2009 a
1508 1976 1632 2010 divino

185 2023 358 2063 numine,
389 2023 486 2067 quod
525 2022 709 2056 hominnm
746 2024 978 2068 cogitationes
1021 2025 1191 2068 pervertit
1226 2029 1261 2056 et
1300 2024 1457 2068 gentium
1483 2025 1632 2057 consilia

187 2070 289 2103 irrita
316 2069 445 2111 reddit,
475 2071 511 2102 in
536 2071 728 2114 perniciem
754 2070 868 2103 datus.
920 2083 997 2104 cum
1020 2072 1112 2103 enim
1133 2071 1250 2116 fugam
1277 2071 1469 2114 cogitaret,
1489 2076 1630 2110 tamen,

187 2123 229 2150 ut
253 2122 336 2150 sunt
370 2117 428 2149 dei
468 2117 642 2158 consilia,
668 2117 791 2150 horam
832 2129 873 2150 ex
904 2117 991 2150 hora
1029 2117 1204 2151 trahebat.
1264 2118 1386 2162 itaque
1413 2117 1496 2150 dum
1518 2128 1632 2163 prope

188 2164 319 2202 Sei-ras
348 2163 409 2196 ubi
438 2170 473 2198 et
497 2165 573 2208 ipse
597 2165 790 2219 imperator
815 2170 901 2205 erat,
927 2171 1173 2206 commoratur,
1203 2159 1325 2197 eadem
1343 2165 1489 2209 quidem
1513 2166 1637 2198 consi--

187 2211 238 2244 lia
273 2211 454 2255 agitabat,
489 2217 613 2256 utpote
651 2213 712 2256 qui
756 2213 824 2244 iam
864 2212 1107 2258 deprehensus
1144 2217 1236 2245 esset
1259 2211 1452 2257 futuraque
1477 2212 1631 2244 timeret.

188 2259 383 2302 imperator
407 2264 525 2291 autem
552 2260 731 2292 arcessivit
756 2260 899 2292 fratrem
920 2271 1021 2292 suum
1041 2259 1248 2299 Adrianum,
1273 2269 1436 2302 magnum
1461 2258 1632 2291 domesti—

188 2317 292 2345 cum,
331 2305 395 2338 illa
431 2305 508 2350 ipsa
541 2317 707 2350 vespera,
747 2318 816 2351 qua
852 2308 969 2350 magni
992 2307 1152 2350 martyris
1177 2305 1358 2340 Theodori
1386 2305 1634 2338 celebrabatur

186 2352 376 2396 memoria3
415 2363 565 2398 cumque
595 2364 710 2385 rursus
738 2353 841 2394 huic,
867 2354 929 2399 qui
947 2365 1012 2386 nec
1037 2365 1078 2386 ea
1102 2354 1302 2398 ignoravit,
1325 2364 1416 2398 quae
1442 2358 1547 2387 antea
1572 2363 1634 2385 ac-

187 2399 362 2440 ciderant,
391 2400 628 2444 exposuisset,
654 2406 693 2432 ut
719 2401 837 2443 gladio
865 2407 1018 2433 armatus
1036 2401 1229 2441 introisset,
1259 2405 1298 2433 ut
1321 2400 1366 2433 ab
1390 2400 1482 2435 ostio
1509 2399 1632 2444 repul-

187 2458 245 2480 sus
271 2451 390 2487 esset,
414 2452 454 2479 ut
476 2447 663 2480 consilium
692 2447 825 2480 dudum
867 2449 1050 2491 agitatum,
1078 2448 1107 2480 si
1132 2453 1263 2492 posset,
1290 2447 1443 2492 exsequi
1456 2453 1632 2491 ‘propera-

186 2499 251 2533 ret,
280 2494 476 2527 domestico
511 2493 714 2535 mandavit,
754 2501 918 2528 evocaret
949 2495 1143 2538 Diogenem
1170 2495 1207 2527 in
1233 2506 1333 2527 suum
1360 2494 1632 2527 tabernaculum

187 2542 294 2585 eique
318 2540 458 2573 blandis
483 2540 598 2573 verbis
624 2546 659 2573 et
695 2542 988 2585 promissionibus
1023 2543 1137 2575 omnis
1165 2542 1302 2585 generis
1328 2540 1544 2586 persuadere
1571 2541 1631 2573 ni-

186 2593 335 2627 teretur,
363 2594 402 2621 ut
426 2589 546 2620 omnia
574 2588 729 2632 aperiret
755 2589 930 2630 consilia3
968 2599 1117 2633 quorum
1144 2590 1170 2621 si
1195 2589 1287 2621 nihil
1311 2589 1460 2621 celasset
1487 2599 1631 2620 omnes-

187 2646 258 2680 que
285 2635 392 2667 etiam
419 2635 673 2668 coniurationis
693 2635 805 2667 socios
831 2635 1015 2674 edidisset,
1045 2636 1294 2680 impunitatem
1320 2640 1356 2668 et
1378 2635 1562 2668 criminum
1593 2635 1630 2667 in

187 2687 368 2727 posterum
414 2682 631 2716 oblivionem
680 2682 920 2728 polliceretur.
995 2682 1168 2717 Adrianus
1212 2681 1628 2727 sollicitudine-plenus,
