1754 3086
265 101 427 140 XXXIV
789 100 938 140 PETR!
981 100 1182 142 POSSlNl

265 237 440 277 quarum
467 222 705 262 sententiam
744 222 811 262 ubi
856 223 981 262 verbo
1013 231 1080 264 aut
1117 231 1216 263 nutu
1249 223 1493 274 indicarunt,
1523 225 1695 265 istorum

262 295 343 333 iam
374 294 582 349 negotium
611 300 690 345 est,
719 309 798 347 pro
830 310 898 333 sua
936 296 1131 349 cuiusque
1163 295 1366 345 facultate,
1397 301 1574 335 mentem
1601 296 1695 336 sub-

262 365 460 418 scripturi
497 365 642 405 deinde
676 366 906 419 Principis,
945 380 990 406 ex
1032 367 1115 405 eius
1143 366 1337 420 dignitate
1378 367 1519 421 reique
1546 368 1694 407 merito

263 452 386 491 quam
430 437 631 490 aptissime
677 452 880 491 quamque
927 438 1184 477 disertissime
1217 437 1423 478 disserere.
1478 439 1694 478 Postremo

263 509 492 548 conandum
524 514 568 548 ut
596 510 741 550 Graeci
777 524 899 563 quem
929 510 1236 562 exprimendum
1266 523 1517 562 susceperam
1548 509 1695 549 arche»

263 580 351 634 typi
380 594 458 619 non
487 582 805 634 superficiariam
844 581 972 620 solum
1008 581 1180 619 formam
1220 587 1289 619 aut
1316 581 1462 620 extima
1489 581 1696 620 dumtaxat

260 651 504 691 lineamenta
545 653 692 706 (qualia
733 653 958 692 viventium
1005 652 1044 690 in
1080 658 1244 691 mortuo
1287 658 1441 692 restant
1482 651 1694 703 cadavere)

259 724 364 778 stylo
396 729 618 777 utcumque
665 725 893 763 assimulata
939 722 1173 762 redderem:
1204 737 1359 784 ’verum
1388 723 1500 762 illum
1531 723 1697 777 insuper

259 794 464 848 vigentem
502 809 549 834 ac
593 801 846 849 vegetantem
882 795 1010 845 intus,
1049 794 1300 849 subindeque
1338 795 1436 833 vivis
1466 809 1511 834 ex
1541 808 1693 834 arcano

260 867 579 906 evibrationihus
609 867 827 906 micantem
855 868 1022 907 Latinae
1061 881 1227 921 quoque
1267 867 1506 920 expositioni
1537 867 1696 920 penitus

260 938 443 978 inderem
473 945 597 992 atque
637 938 881 990 inhalarem,
911 939 942 979 si
970 953 1138 992 possem,
1170 939 1384 992 spiritum,
1411 937 1522 978 velut
1548 938 1694 992 ignem,

261 1010 403 1060 aiunt,
452 1010 641 1050 aetherea
687 1009 933 1050 subductum
976 1010 1099 1050 domo
1139 1011 1249 1050 luteo
1278 1010 1548 1052 Prometheus
1577 1009 1695 1064 operi

258 1081 430 1131 miscuit,
458 1082 559 1120 nihil
589 1081 743 1135 alioqui
775 1095 898 1135 supra
927 1095 1094 1121 massam
1128 1081 1246 1121 vilem
1272 1081 1487 1122 madefacti
1516 1081 1694 1135 pulveris

258 1153 413 1192 futuro.
472 1154 542 1192 His
572 1167 646 1208 ego
679 1159 744 1193 tot
771 1154 1043 1205 cantionibus,
1077 1159 1142 1193 tot
1172 1153 1618 1206 circumspectionibus,
1647 1166 1695 1193 ac

258 1223 592 1264 destinationibus
617 1231 702 1264 tam
729 1225 851 1264 variis
872 1225 1186 1278 praemunitam,
1218 1225 1300 1265 imo
1329 1224 1454 1264 defixo
1480 1226 1693 1274 intentam,

259 1302 382 1349 atque
411 1297 527 1335 anxie
564 1296 779 1336 sollicitam
811 1302 988 1335 mentem
1015 1296 1139 1335 habui
1183 1304 1272 1335 tota
1303 1297 1344 1335 in
1376 1296 1586 1336 functione
1619 1295 1694 1335 de-
1726 1305 1727 1309 ’

259 1367 438 1406 mandati
476 1367 591 1407 huius
632 1383 655 1406 a
695 1373 735 1406 te
769 1368 865 1406 mihi
908 1368 1084 1407 muneris
1128 1367 1464 1407 luculentissimae
1502 1367 1694 1408 historiae

256 1439 407 1478 Latinis
445 1438 625 1478 edendae
655 1439 812 1478 litteris.
881 1439 1139 1492 Quamquam
1178 1454 1290 1479 meae
1315 1454 1379 1479 me
1408 1439 1692 1479 imbecillitatis
1720 1470 1729 1495 =:

257 1510 502 1549 conscientia
533 1510 702 1549 nimium
730 1511 875 1549 timere
905 1511 1028 1562 cogit,
1057 1523 1136 1548 non
1169 1509 1292 1549 modo
1326 1525 1375 1549 ne
1405 1509 1515 1564 quod
1545 1524 1691 1564 seque·

254 1581 332 1620 bar
358 1596 440 1621 non
471 1589 706 1636 assequutus
732 1583 828 1632 sim,
857 1595 1000 1620 verum
1031 1583 1149 1620 etiam
1182 1596 1230 1620 ne
1261 1582 1299 1620 in
1326 1581 1418 1620 alias
1445 1581 1594 1621 diversi
1619 1595 1691 1635 ge-

256 1652 363 1692 neris
407 1653 740 1705 reprehensiones
782 1652 1041 1692 incurrerim.
1115 1653 1207 1691 Scio
1238 1652 1431 1692 nimirum
1458 1653 1563 1702 scio,
1590 1652 1692 1692 haec
1716 1686 1725 1694 ,.

257 1724 307 1763 de
337 1739 417 1777 qua
446 1723 548 1774 dixi,
578 1739 699 1777 quam
729 1724 950 1777 profiteor,
989 1724 1118 1763 libere
1149 1724 1360 1778 politeque
1391 1723 1690 1777 interpretandi
1716 1742 1720 1755 ι

254 1807 361 1834 secta
390 1800 430 1834 et
456 1796 575 1844 ratio,
610 1795 676 1833 cui
704 1802 963 1848 quantaeque
992 1795 1405 1848 offensioniexposita
1436 1796 1488 1833 sit
1513 1791 1719 1834 tristium

256 1879 535 1908 censurarum,
592 1866 695 1905 Sunt
718 1865 788 1918 qui
819 1880 934 1906 nares
963 1872 1197 1920 corrugent,
1228 1867 1298 1919 qui
1330 1865 1591 1919 superciliose
1622 1879 1689 1904 re·
1714 1876 1717 1882 “

255 1943 383 1975 nuant
413 1937 571 1990 quoties
603 1939 782 1977 excurrit
811 1935 954 1977 Latina
984 1939 1117 1977 oratio
1147 1952 1269 1990 supra
1300 1939 1474 1976 Graecae
1501 1936 1690 1984 modum;

256 2010 415 2062 quoties
444 2008 614 2048 vicissim
651 2008 844 2049 fluentem
886 2011 996 2063 velut
1023 2009 1154 2048 sinum
1186 2009 1347 2048 Asiatici
1376 2009 1572 2063 Syrmatis
1602 2010 1692 2048 Ro-

254 2094 398 2120 manae
435 2080 660 2120 munditiae
698 2081 891 2121 breviore
929 2081 1177 2120 succinctum
1224 2079 1330 2119 nodo
1362 2086 1529 2134 cogunt.
1590 2079 1689 2129 Quis

255 2164 392 2190 omnes
424 2159 636 2191 enumeret
665 2152 824 2191 delicias
854 2152 1125 2198 fastidiorum,
1159 2166 1333 2204 quarum
1364 2152 1402 2190 in
1425 2165 1587 2190 censum
1617 2164 1688 2190 ve-

254 2222 374 2261 niunt
404 2223 657 2262 oscitationes
684 2224 788 2262 male
824 2224 1064 2263 feriatorum
1093 2223 1235 2275 supina
1268 2223 1474 2262 interdum
1502 2228 1542 2262 et
1567 2222 1715 2266 semi-,

255 2293 385 2333 somni
424 2293 596 2333 lectione
635 2294 734 2333 nihil
772 2295 845 2333 nisi
884 2311 994 2334 ansas
1036 2294 1248 2333 vellicandi
1293 2295 1556 2347 captantium.
1625 2293 1711 2331 hic.

254 2365 463 2414 enimvero,
498 2364 627 2416 aiunt,
663 2365 810 2404 Graiae
839 2380 1001 2405 acumen
1027 2366 1207 2418 argutiae
1226 2366 1411 2419 pinguem
1438 2367 1687 2418 interpretem

254 2435 362 2473 haud
382 2437 564 2489 pupugit.
636 2435 740 2474 Alias
781 2437 1046 2475 subsannant:
1090 2437 1161 2474 hui
1193 2450 1311 2488 quam
1351 2436 1537 2489 patulum
1574 2436 1687 2472 circa

251 2506 388 2546 orbem
408 2508 541 2544 errat!
567 2511 626 2545 est
646 2506 975 2560 ubiflagitiuntl
1004 2508 1228 2559 increpent,
1257 2506 1366 2561 quod
1391 2505 1542 2544 iudicio
1574 2504 1685 2557 ipso..

255 2590 347 2614 rum
375 2577 667 2629 strangulentur
690 2579 838 2616 autoris
866 2591 1004 2628 sensa,
1041 2577 1148 2630 quod
1175 2586 1365 2616 mutentur
1390 2589 1514 2615 aurea
1545 2575 1684 2629 plum·
1710 2579 1712 2601 ³

255 2646 347 2685 heis.
375 2648 480 2701 quod
493 2647 615 2688 stricti
633 2648 735 2688 sales
755 2649 1039 2702 intemperanti
1055 2649 1220 2687 Latinae
1246 2650 1383 2703 copiae
1415 2646 1682 2702 superfusione
