1754 3086
194 154 285 194 XIV
635 149 895 194 LUDOVICI
939 151 1205 194 SCHOPENI

198 257 332 303 omni
369 256 595 301 vitiorum
630 272 805 319 genere
842 255 1255 320 (lepravatissimO,
1285 256 1346 304 de
1382 257 1532 304 totius
1562 273 1648 305 co-

196 339 315 384 dicis
338 338 510 383 virtute
542 336 774 384 iudicium
810 339 1024 401 iniquius
1058 339 1192 400 ferat,
1226 338 1526 386 monendum
1564 348 1650 400 est,

197 418 440 484 quidquid
476 418 705 483 deinceps
742 420 1086 484 Apographum
1139 421 1254 468 inde
1290 422 1465 482 habet,
1497 422 1651 468 multo

197 503 354 549 sanius
391 517 516 562 esse,
553 518 642 548 nec
672 504 877 548 similem
917 520 1121 565 usquam
1159 504 1538 566 corruptelarum
1575 504 1652 550 ni-

198 585 365 631 dulum
401 584 620 630 inveniri.
693 585 909 631 Omnino
945 587 1216 648 exemplum
1237 584 1355 631 illud
1390 601 1500 631 cum
1517 583 1654 632 Cois-

199 667 401 726 liniano,
439 674 672 728 quantum
712 682 767 711 ex
786 665 1078 730 Apographo
1115 668 1356 713 coniicere
1390 669 1517 729 licet,
1550 685 1656 716 ma-

200 749 377 794 ximam
415 746 780 792 similitudinem
829 747 1026 808 habuit,
1070 757 1123 794 ut
1155 749 1355 794 alterum
1405 765 1461 794 ex
1506 749 1654 795 altero

198 831 538 892 transcriptum
598 838 846 891 putarem,
903 830 994 876 nisi
1038 830 1402 876 Holstenianum
1450 831 1501 876 in
1544 831 1658 894 ipsis

202 914 319 974 illis,
351 929 474 976 quae
492 911 838 958 Coislinianum
875 913 1060 976 egregia
1086 913 1237 974 affert,
1270 913 1320 958 in
1355 912 1655 975 reliquorum

202 994 600 1057 depravationem
646 992 768 1038 mira
817 993 1086 1039 constantia
1143 992 1425 1039 discederet.
1516 992 1660 1038 Liber

200 1075 397 1120 ultimus
431 1075 483 1120 in
519 1073 811 1137 Apographo
861 1074 926 1119 ita
975 1073 1171 1119 desinit:
1217 1073 1280 1134 μὴ
1328 1073 1410 1118 καὶ
1442 1073 1659 1138 α’ναγρά-

203 1165 378 1222 φοντες
412 1155 479 1201 τὰ
514 1155 703 1218 λυπηρὰ
739 1154 1187 1220 ἑμπικραινοίμεὲα.
1268 1155 1456 1215 Quibus
1504 1156 1663 1202 verbis

205 1238 475 1285 Gronovius
511 1245 679 1300 postea
715 1240 854 1292 (nam
898 1253 1068 1283 manus
1103 1238 1163 1282 ab
1214 1253 1298 1298 ea,
1333 1255 1430 1301 qua
1462 1254 1661 1302 praece-

205 1319 370 1365 dentia
398 1319 602 1382 scripsit,
638 1317 904 1365 admodum
937 1318 1218 1382 disc1·epat,)
1256 1320 1660 1383 subscriptionem

209 1401 398 1449 addidit
446 1401 521 1447 his
556 1401 737 1447 verbis:

603 1475 812 1542 Εῤῥίκου
857 1481 948 1522 τοῦ
983 1459 1266 1539 Δορμαλίοῦ

405 1558 557 1616 Αῆξεν
588 1557 711 1606 ὅπου
740 1559 930 1623 βιότοιο
965 1557 1159 1614 Αλέξιος
1195 1561 1221 1604 ὁ
1255 1561 1500 1621 Κομνηνὸς

473 1645 613 1691 Effera
647 1643 770 1696 καλὴ
802 1643 1019 1705 θυγάτηρ
1054 1640 1187 1698 λῆξεν
1223 1641 1495 1699 Αλεξιάδης.

210 1727 418 1775 Eosdem
449 1742 610 1773 versus
646 1724 794 1771 editio
830 1724 1043 1770 Parisina
1075 1725 1281 1771 exhibet.
1353 1724 1662 1788 Quamquam

213 1812 280 1857 ibi
317 1810 492 1856 rectius
527 1809 578 1854 in
628 1816 840 1853 extremo
883 1802 1143 1860 Αλεξιάδος
1177 1807 1369 1871 legitur,
1413 1823 1503 1853 nec
1535 1807 1665 1852 Hen-

212 1894 299 1939 rici
334 1892 568 1938 Dormalii
599 1889 782 1935 mentio
817 1887 895 1949 fit,
927 1906 1073 1951 quem
1109 1889 1329 1935 codicem
1360 1888 1664 1952 descripsisse

214 1975 446 2038 suspicor.
515 1973 614 2018 Iam
647 1987 761 2017 vero
789 1971 840 2016 in
873 1971 999 2016 calce
1023 1969 1299 2033 Apographi
1335 1980 1543 2034 quatuor
1576 1972 1666 2018 ha-

214 2056 391 2100 bentur
446 2051 766 2116 appendices,
821 2067 847 2096 a
889 2049 1133 2096 Gronovio
1179 2050 1347 2096 itidem
1397 2054 1666 2100 recentiore

216 2154 364 2184 manu
418 2143 647 2181 exaratae.
730 2132 946 2191 Quarum
996 2132 1194 2195 quidem
1242 2135 1398 2196 prima
1452 2136 1669 2182 continet

219 2221 553 2282 Fragmentum
596 2217 707 2262 libri
743 2215 857 2260 XIII.
915 2232 962 2277 p.
984 2213 1093 2261 394.
1126 2215 1177 2261 A.
1218 2243 1278 2248 ——
1315 2220 1424 2265 385.
1446 2217 1527 2279 A.,
1565 2235 1665 2264 uno

219 2300 334 2346 folio
392 2306 639 2358 constans,
691 2296 826 2359 quod
885 2313 939 2341 cx
975 2295 1190 2341 Mediceo
1248 2297 1416 2344 codice
1469 2299 1663 2346 desum-

220 2393 323 2428 tum
358 2379 570 2441 videtur,
621 2379 771 2442 idque
812 2396 918 2425 eam
965 2379 1027 2424 ob
1072 2394 1291 2440 causam,
1338 2381 1452 2443 quia
1480 2381 1667 2426 Holste-

221 2465 393 2510 nianus
434 2461 502 2508 ibi
547 2461 800 2507 lacunosus
849 2469 948 2505 erat
959 2496 974 2521 ,
1003 2469 1056 2506 ut
1103 2476 1157 2504 ex
1199 2460 1490 2523 Apographo
1521 2469 1666 2522 patet.

221 2547 323 2591 Hoc
357 2554 517 2591 autem
562 2543 892 2604 Fragmentum
933 2541 1106 2603 excipit
1141 2542 1361 2603 Epitome
1406 2541 1516 2586 libri
1544 2540 1666 2600 X11.‚

224 2644 347 2689 quae
396 2626 624 2691 inscripta
677 2632 766 2669 est:
814 2621 1096 2670 AAEEIAC
1141 2621 1511 2668 ΔΩΔΕΚΑἹῊ.
1591 2623 1671 2669 Sic

224 2710 414 2771 incipit:
449 2708 524 2753 Τὰ
553 2710 639 2768 μὲν
678 2701 762 2752 οὖν
791 2703 871 2759 τῆς
911 2705 1094 2768 πρώτης
1141 2701 1521 2770 διαπεραιώσεως
1557 2700 1668 2768 ἔργα
