1754 3086
688 159 1008 199 PRAEFATlo.
1413 159 1539 199 xxm

111 252 398 317 συγγραφεῦ,
430 246 522 298 ‘cc-3²1
539 249 750 310 Σκυθῶν,
786 253 842 304 ὡς
872 250 974 315 φῇς,
1006 249 1295 312 ληϊζομένων
1326 247 1540 309 ἅπαντα,

110 337 168 389 ὡς
199 334 280 380 καὶ
311 332 399 386 τοὶς
431 334 585 387 πύλας
618 337 702 388 τῆς
745 333 924 387 πόλεως
972 335 1338 380 ὐποκλίνεσὲται.
1407 333 1542 393 Quo-

108 434 214 466 rum
263 416 552 462 scholiorum
601 417 830 463 nonnulla
874 417 924 463 in
969 415 1044 462 ed.
1077 417 1186 479 Reg.
1233 417 1377 462 latine
1410 433 1541 464 versa

109 496 324 544 videmus
367 506 414 543 et
456 495 632 544 edita.“
696 499 768 544 Ab
814 498 910 544 hoc
955 496 1123 544 codice
1166 498 1391 543 Vaticano
1440 515 1540 543 non

106 578 347 627 diversum
381 588 497 642 puto
547 596 674 641 eum,
701 579 831 627 unde
864 579 959 626 Leo
995 580 1212 640 Allatius,
1246 596 1355 625 cum
1391 578 1538 626 editio

105 661 315 709 Parisina
356 660 576 708 nondum
621 672 885 724 prostaret,
928 662 1038 709 satis
1089 663 1246 725 ampla
1281 662 1542 724 fragmenta

109 742 345 807 descripta
379 744 577 790 inseruit
608 745 732 791 libro
769 744 830 791 de
863 745 1036 792 Eccles.
1066 744 1314 792 Occident.
1352 753 1399 789 et
1429 744 1540 790 Ori-

106 833 200 871 ent.
251 828 481 888 perpetua
521 825 870 888 Consensione,
919 827 1003 890 qui
1049 825 1216 874 Colon.
1261 826 1453 889 Agripp.
1496 842 1539 872 a.

109 903 248 954 1648.
282 904 328 952 4.
361 907 556 971 prodiit.
624 909 728 972 Ipse
763 907 963 972 quidem
985 908 1194 970 Allatius,
1230 909 1314 972 qui
1350 909 1539 954 incom-

102 987 276 1035 modus
310 990 484 1036 saeculi
516 1008 621 1038 mos
658 1000 788 1052 erat,
826 992 947 1040 nihil
981 991 1042 1039 de
1076 989 1243 1037 codice
1277 1007 1362 1037 suo
1397 989 1539 1036 addi—

6 1123 7 1126 *
103 1069 188 1117 dit.
253 1069 349 1117 Sed
381 1080 542 1118 tamen
572 1074 846 1121 coniectura
882 1091 988 1120 mea
1007 1074 1209 1120 multum
1245 1071 1359 1119 inde
1391 1072 1540 1118 habet

6 1150 7 1154 ’
51 1217 56 1220 .
106 1152 471 1215 probabilitatiS,
508 1154 643 1217 quod
657 1155 849 1202 Allatius
880 1156 923 1202 ei
952 1156 1041 1218 ipsi
1061 1154 1385 1201 Bibliothecae
1421 1153 1537 1199 olim

102 1232 332 1295 praefuit,
371 1250 495 1297 quae
541 1234 758 1282 codicem
815 1237 946 1282 illum
999 1236 1238 1299 possidet,
1297 1252 1323 1282 a
1377 1236 1536 1281 Fulvio

104 1313 293 1374 Ursino,
324 1323 378 1360 ut
410 1315 632 1376 arbitror,
665 1317 884 1379 legatum.
926 1316 1277 1364 Vid.F.Blun1ii
1314 1317 1406 1363 Iter
1439 1317 1535 1362 Ital.

100 1393 175 1440 111.
210 1411 257 1458 p.
273 1396 349 1442 39.
385 1395 480 1442 Iam
512 1413 624 1443 vero
655 1397 939 1461 fragmenta,
973 1399 1032 1445 ab
1052 1398 1220 1445 Allatio
1256 1399 1285 1444 l.
1308 1399 1359 1444 ll.
1397 1414 1436 1444 c.
1461 1402 1535 1444 10.

98 1492 147 1539 p.
166 1477 277 1523 625.
306 1477 417 1523 629.
451 1478 562 1524 631.
592 1480 702 1526 633.
736 1481 846 1527 636.
883 1480 1100 1543 prodita,
1142 1479 1273 1527 haud
1317 1481 1531 1543 exiguam

98 1558 380 1605 variantium
414 1559 675 1607 lectionum
717 1562 907 1624 copiam
944 1563 1219 1623 continent,
1264 1579 1381 1625 quas
1416 1562 1531 1608 iude

99 1638 357 1702 exsignatas
401 1640 594 1687 sedibus
635 1642 729 1688 suis
762 1659 1129 1703 memorassem,
1164 1643 1255 1689 nisi
1285 1643 1438 1689 Allatii
1473 1644 1532 1689 li-

97 1719 238 1766 brum
280 1737 385 1767 sero
434 1722 755 1786 inspexissem.
826 1724 991 1787 Itaque
1038 1741 1140 1786 eas,
1190 1734 1424 1789 quatenus
1470 1724 1532 1772 ad

97 1801 194 1848 hoc
225 1804 458 1851 volumen
500 1808 766 1868 pertinent,
812 1824 940 1854 nunc
974 1809 1090 1854 libet
1121 1808 1417 1870 adscribere,
1454 1826 1532 1855 re-

97 1882 251 1945 liquas
298 1885 431 1932 alteri
476 1887 716 1934 volumini
762 1905 1005 1951 seponam.
1071 1890 1191 1935 Sunt
1226 1899 1383 1935 autem
1415 1890 1530 1936 hae:

97 1981 145 2028 p.
167 1966 279 2026 265,
302 1970 374 2012 15.
394 1965 468 2013 ed.
489 1977 635 2013 nostr.
670 1964 937 2034 τάδελφοῦ.
1010 1971 1082 2016 19.
1119 1967 1330 2016 ἄλλάτα.
1416 1972 1528 2031 266,

94 2042 142 2092 4.
174 2045 304 2091 κατά
337 2046 426 2093 τόν
471 2049 689 2111 φάμενον
722 2079 788 2087 --
819 2047 1044 2114 γαρυδᾶν.
1126 2055 1170 2098 5.
1207 2051 1394 2099 ἑαυτὸν.
1482 2056 1525 2098 7.

97 2126 179 2193 ἐφ’
207 2128 396 2177 ἑαυτοῦ.
464 2132 509 2177 8.
537 2127 737 2176 τουτουῒ
757 2149 852 2178 om.
926 2137 999 2180 10.
1030 2131 1121 2180 τῶν
1138 2151 1233 2180 om.
1307 2138 1380 2180 12.
1415 2135 1527 2179 τού-

95 2225 188 2256 των
221 2216 313 2256 τῶν
348 2206 611 2273 δογμάτων.
686 2211 759 2259 14.
777 2211 922 2267 κακῶς
955 2212 1020 2277 τῷ
1053 2214 1232 2277 Ἰταλῷ.
1311 2219 1386 2263 18.
1407 2233 1530 2263 παν-

96 2292 178 2346 τός
226 2318 290 2328 -
347 2294 581 2355 λέγοντος.
687 2299 814 2359 267,
857 2304 897 2343 1.
956 2299 1351 2363 παραιτούμενος.
1455 2305 1528 2344 11.

93 2370 311 2420 ἔσπευσε.
382 2378 594 2437 286,15.
627 2374 982 2438 διανείμασθαι
1022 2405 1082 2412 -
1120 2379 1376 2425 ἐκέλευσεν.
1454 2383 1529 2425 17.

97 2453 379 2518 ὑπαρόρους.
462 2459 574 2519 286,
604 2454 650 2503 4.
685 2456 789 2522 ὅπῃ.
857 2458 987 2518 Quas
1035 2459 1233 2523 quidem
1277 2461 1529 2522 lectiones,

34 2553 37 2599 ᾗ
97 2531 185 2581 'etsi
221 2552 421 2584 numero
459 2538 559 2585 illas
592 2540 858 2602 pauciores,
893 2540 931 2586 si
964 2541 1071 2604 quis
1106 2558 1213 2587 cum
1233 2543 1527 2603 reliquorum

36 2611 37 2663 J
102 2615 323 2664 codicum
357 2620 599 2682 scripturis
629 2623 990 2684 comparaverit,
1022 2623 1131 2668 satis
1166 2622 1351 2684 liquido
1381 2638 1529 2686 appa-

97 2697 237 2759 rebit,
268 2700 535 2763 exemplum
578 2701 694 2749 illud
738 2719 847 2750 cuin
892 2702 1227 2763 Ilolsteniano,
1273 2719 1370 2766 quo
1406 2703 1530 2751 Gro-
