1754 3086
245 61 356 122 368
681 79 862 120 ANNAE
905 79 1199 122 coMNizNAE

245 180 419 227 Βοδῖνος
444 177 741 231 μαχιμώτατος
769 174 828 220 ὢν
854 180 927 219 καί
955 179 1226 234 ῥᾳδιουργίας
1254 178 1432 234 πλήρης,
1464 180 1516 220 ου’
1545 182 1672 236 μέχρι

242 246 323 285 τῶν
351 244 469 285 ἰδίων
495 242 623 296 ὁρίων
650 239 824 285 ἑστάναι
861 245 1086 298 ἠβούλετο,
1116 245 1203 286 ἄλλ’
1241 242 1440 300 ὁσημέραι
1462 245 1538 294 τάς
1564 243 1672 300 ἔγγι-

242 324 320 350 στα
347 310 591 360 Δαλματίας
615 307 868 360 κωμοπόλεις
895 311 1187 363 κατατρέχων,
1215 315 1302 358 τοῖς
1332 312 1452 359 ἰδίοις
1481 314 1673 364 προσετί-

204 377 311 415 (ἶθει
343 373 483 428 ὁριόις.
557 371 578 413 ὁ
617 374 662 414 δὲ
693 373 856 422 Δούκας
892 371 1079 428 Ἰωάννης
1120 373 1334 424 ἐνιαυτούς
1358 375 1458 416 δέκα
1487 374 1590 429 πρὸς
1617 376 1676 432 τῷ

242 435 305 480 ἑνί
333 439 390 487 εἰς
429 437 474 479 τὸ
506 437 748 491 Δυρράχιον
793 438 1092 492 ἐνδιατρίψας,
1132 437 1259 480 πολλὰ
1285 441 1361 491 μὲν
1389 443 1469 482 τῶν
1496 437 1576 480 ὕπὸ
1600 438 1713 494 τὴν5

242 502 432 553 ἐξουσίαν
461 502 677 545 Βολκάνου
715 503 916 559 ἀφῃρεῖτο
957 503 1169 557 φρούρια,
1206 503 1382 553 πολλοὺς
1421 506 1468 546 δὲ
1494 503 1567 545 καί
1595 506 1674 556 ζω-

240 569 362 622 γρίαν
390 567 616 620 Δαλμάτας
655 567 758 623 πρὸς
793 567 863 610 τόν
904 568 1196 623 αὐτοκράτορα
1236 571 1533 619 ἐξαπέστειλεν.
1603 569 1678 613 καὶ

241 635 354 682 τέλος
392 632 595 687 καρτεράν
631 633 734 686 μετά
767 635 840 674 τοῦ
871 634 1048 674 Βοδίνου
1086 633 1226 689 μάχην
1263 633 1555 689 συναρράξας,
1605 636 1678 676 καί

242 699 375 741 αὐτὸν
403 703 618 752 κατέσχεν.
675 694 808 752 ἄνδρα
837 701 883 740 δὲ
911 697 980 740 τὸν
1010 698 1177 740 Λοῦκαν
1205 702 1351 741 τοῦτον
1375 700 1567 754 Ἰωάννην
1591 717 1676 753 μα-

239 763 479 818 χιμώτατον
525 762 544 803 ὁ
587 763 854 818 αὐτοκράτωρ
900 764 944 803 ἐκ
992 767 1152 805 πολλῶν
1193 763 1379 818 ἐγνωκώς
1407 765 1480 806 καί
1506 767 1603 820 περὶ
1626 762 1708 812 τὰι

239 830 441 882 πολεμικὰ
471 827 702 882 ἐπιτήδειον
747 828 819 869 καί
844 830 941 883 μηδ’
985 828 1174 871 ὁπωσοῦν
1202 828 1250 871 τοὶ
1280 834 1376 884 παρ’
1409 831 1539 872 αὐτοῦ
1567 831 1678 872 ἐντε·

239 899 424 949 ταλμένα
463 897 626 935 α’θετεῖν
664 895 884 946 ἐθέλοντα,
925 893 1017 935 ἐπεὶ
1052 893 1236 936 τοιούτου
1283 893 1436 950 ιῖνδρὸς
1466 893 1570 936 κατοὶ
1602 897 1679 936 τοῦ

248 963 395 1014 Τζαχᾶ
434 961 594 1010 ἐδέετο,
642 961 1022 1012 μεταπεμψάμενος
1062 958 1191 1000 αὐτὸν
1235 962 1394 1002 ἐκεῖθεν
1419 959 1441 1001 ὁ
1473 958 1681 1015 αὕτοκρά..

200 1039 326 1081 Βτωρ
343 1058 355 1079 ,
381 1024 484 1077 μετά
529 1026 690 1065 πολλῶν
725 1023 942 1076 δυνάμεων
970 1026 1013 1075 ἐξ
1045 1024 1216 1080 ἠπείρου
1243 1024 1313 1066 καί
1341 1025 1551 1080 θαλάττης
1579 1021 1680 1068 κατὰ

244 1093 319 1133 τοῦ
353 1091 498 1143 Τζαχιῖ
519 1091 770 1142 ἐξέπεμψεν,
802 1091 930 1130 δοῦκα
955 1092 1033 1131 τοῦ
1055 1089 1205 1131 στόλου
1234 1093 1424 1145 μέγιστον
1450 1090 1680 1144 κατονομά-
1697 1111 1712 1137 1

243 1173 333 1206 σας.
392 1153 545 1203 ὁπόσας
574 1157 619 1196 δὲ
647 1157 734 1207 μετ’
766 1155 899 1196 αὐτοῦ
926 1153 1067 1208 μάχας
1095 1158 1259 1209 συνῆψε
1287 1159 1359 1197 καί
1386 1157 1429 1198 ἒν
1455 1153 1568 1204 ὅσοις
1595 1172 1678 1197 κιν·

243 1222 382 1271 δυ’νοις
410 1219 558 1262 ἑαυτὸν
589 1222 817 1275 ἑπιρρίψας
835 1219 999 1274 νικητης
1027 1219 1231 1276 ἀνεφάνη,
1290 1221 1312 1262 ὁ
1343 1221 1461 1275 λόγος
1487 1222 1532 1262 ἐν
1557 1221 1681 1263 ὁστέ-

241 1302 330 1341 ροις
358 1286 571 1341 δηλώσειε.
628 1286 774 1326 τοῦτον
814 1283 1095 1338 προσδόκιμον
1126 1283 1146 1325 ὁ
1177 1285 1448 1341 Δαλασσηνὸς
1475 1285 1609 1340 ἔχων,
1636 1288 1681 1328 ἐν

241 1355 291 1408 τῇ
317 1350 424 1407 πρὸς
449 1349 519 1393 τὸν
554 1352 721 1403 Τζαχᾶν
751 1349 895 1408 ὁμιλία
926 1349 972 1391 τὸ
1003 1354 1086 1393 πᾶν
1115 1353 1172 1400 εἷς
1200 1350 1271 1394 τὸν
1299 1353 1522 1406 ἐρχόμενον
1550 1352 1682 1394 δοῦκα

245 1420 440 1473 ἐφαίνετο
485 1412 796 1468 ἀνατιθέμενος.
873 1415 895 1455 ὁ
940 1417 986 1457 δὲ
1020 1418 1187 1470 Τζαχᾶς
1226 1416 1272 1458 τὸ
1301 1415 1523 1471 Ὁμηρικὸν
1550 1419 1715 1464 ἐκεῖνος

242 1481 340 1530 ἔπος
380 1480 515 1523 ἐδόκει
559 1482 716 1534 λέγειν·
775 1479 887 1531 ((νὺξ
929 1475 1008 1535 ἤδη
1044 1484 1230 1534 τελέθει,
1275 1481 1431 1535 α’γαθὸν
1469 1484 1542 1524 καί
1566 1484 1683 1524 νυκτὶ

243 1549 488 1590 πιθέσθαι.”
563 1543 827 1601 αὕγαζούσης
869 1548 914 1587 δὲ
951 1547 1021 1601 τῆς
1063 1544 1221 1601 ἡμέρας
1260 1546 1389 1588 πολλὰ
1416 1549 1497 1589 τῶν
1523 1563 1681 1604 χρειω-

335 1686 368 1708 2.
396 1672 496 1720 ὅρων
519 1674 557 1714 P,
592 1672 708 1720 ὁρίων
725 1672 762 1714 C,
789 1684 857 1706 om.
887 1673 930 1706 G.
1038 1677 1070 1719 4.
1098 1669 1288 1714 ἕνιαυτοῦς
1310 1674 1361 1720 τῷ
1389 1673 1475 1709 δέκα
1506 1670 1602 1721 πρὸς
1624 1674 1682 1710 ἑνὶ

332 1723 374 1762 P,
400 1728 494 1755 recte
522 1720 593 1754 CG.
689 1722 721 1754 5.
747 1720 821 1756 τῶν
848 1719 927 1752 add.
954 1722 992 1754 C.
1095 1725 1128 1756 6.
1155 1722 1348 1766 βολκανὶου
1375 1720 1417 1753 G.
1524 1723 1682 1767 ζωγρίας

332 1769 404 1801 CG.
549 1780 580 1811 7.
606 1767 807 1813 Δαλμάτας
832 1767 914 1806 CG,
951 1767 1164 1813 Δαλματίας
1188 1769 1223 1801 Ρ.
1338 1770 1372 1802 8.
1400 1765 1583 1814 συῤῥῆξας
1605 1768 1678 1800 CG.

332 1815 412 1858 lege
440 1813 663 1860 συναράξας.
789 1825 840 1847 11.
872 1812 1047 1850 ὁπωσοῦν
1071 1814 1116 1856 C,
1144 1814 1311 1851 ὁποσοῦν
1335 1814 1403 1848 PG.
1539 1825 1589 1860 ¹9·
1615 1814 1680 1852 τὸν

329 1862 428 1907 prius
455 1860 537 1893 add.
563 1861 602 1892 C.

240 1978 399 2012 Bodinus
424 1977 486 2021 qui
510 1975 716 2018 dicebatur,
742 1987 820 2009 cum
848 1975 1142 2010 bellicosissimus
1167 1982 1258 2010 esset
1283 1982 1319 2010 et
1343 1977 1515 2022 perfidiae
1538 1977 1679 2022 plenus,

241 2036 315 2058 non
344 2025 573 2057 continuerat
610 2023 682 2056 suis
718 2034 753 2055 se
782 2023 932 2064 finibus,
969 2023 1218 2069 sedsquotidie
1251 2025 1452 2069 propinqua
1479 2024 1679 2058 Dalmatiae

243 2071 378 2116 oppida
401 2070 614 2111 incursans,
648 2069 886 2102 accessionem
922 2070 1102 2103 adiecerat
1137 2070 1276 2103 ditioni.
1338 2071 1454 2103 Ducas
1478 2076 1595 2103 autem
1619 2071 1680 2103 Io..

242 2117 405 2158 hannes,
429 2116 594 2149 undecim
622 2127 732 2149 annos
756 2116 967 2159 Dyrrhachii
993 2123 1224 2150 commoratus
1249 2117 1378 2150 multas
1403 2117 1557 2150 Bolcano
1582 2128 1679 2151 arces

243 2165 443 2209 eripuerat,
469 2162 670 2207 multosque
696 2163 803 2196 etiam
829 2169 950 2207 captos
978 2163 1157 2196 Dalmatas
1182 2164 1386 2208 imperatori
1407 2164 1571 2206 miserat3
1596 2169 1679 2197 tan-

242 2210 323 2244 dem
348 2210 444 2255 gravi
471 2221 549 2242 cum
575 2208 712 2241 Bodino
750 2210 889 2253 proelio
919 2211 1124 2250 commisso,
1157 2210 1273 2255 ipsum
1298 2215 1451 2254 ceperat.
1474 2209 1580 2243 huius
1608 2211 1677 2255 igi-

240 2263 299 2291 tur
318 2258 438 2290 Ducae
461 2255 627 2288 Iohannis
652 2267 729 2288 cum
756 2256 948 2300 imperator
971 2257 1092 2290 multis
1127 2267 1169 2289 ex
1197 2257 1301 2289 rebus
1328 2257 1501 2300 egregiam
1529 2267 1679 2300 cognos-

240 2309 297 2337 set
322 2304 493 2336 virtutem
518 2302 642 2346 reique
667 2302 819 2334 bellicae
853 2303 1020 2346 peritiam
1055 2309 1164 2347 atque
1194 2303 1233 2335 in
1265 2302 1502 2347 exsequendis
1529 2303 1678 2336 manda-

240 2351 288 2384 tis
313 2350 419 2383 fidem
441 2360 622 2388 summam,
646 2349 817 2393 quoniam
833 2349 898 2381 tali
923 2349 1068 2383 homine
1095 2349 1261 2382 adversus
1278 2349 1452 2382 Tzacham
1477 2360 1565 2394 opus
1591 2355 1677 2391 erat,

241 2397 424 2430 arcessivit
465 2407 542 2429 eum
576 2394 684 2427 istinc
718 2406 756 2427 ac
787 2396 907 2427 multis
942 2395 1165 2429 terrestribus
1204 2401 1309 2441 atque
1351 2396 1539 2429 maritimis
1563 2397 1677 2442 copiis

240 2443 458 2489 praefectum
492 2441 659 2474 adversus
693 2440 867 2473 Tzacham
899 2443 1004 2476 misit.
1041 2443 1106 2487 qui
1145 2449 1234 2487 quot
1259 2455 1335 2475 cum
1360 2442 1511 2476 barbaro
1540 2454 1677 2487 pugnas

241 2491 460 2523 commiserit
482 2493 641 2534 quotque
675 2487 713 2519 in
740 2488 908 2531 periculis
942 2490 1055 2522 victor
1081 2488 1302 2531 discesserit,
1327 2490 1419 2522 infra
1445 2488 1677 2522 narrabimus.

242 2537 326 2570 huic
361 2537 471 2580 igitur
503 2534 708 2567 adventanti
742 2533 957 2567 Dalassenus
989 2536 1026 2567 in
1061 2535 1242 2581 colloquio
1275 2548 1351 2569 cum
1385 2535 1526 2568 Tzacha
1553 2535 1676 2568 habito
1724 2556 1734 2578 ὦ»

242 2583 359 2616 onmia
385 2592 561 2615 reservare
588 2591 623 2613 se
648 2579 741 2612 velle
764 2580 991 2624 significavit3
1017 2581 1174 2615 Tzachas
1200 2588 1318 2616 autem
1343 2582 1567 2615 Homericum
1587 2581 1679 2614 illud
1726 2585 1737 2624 ἴς

242 2630 360 2664 dicere
390 2628 577 2664 videbatur
613 2631 717 2660 “nox
739 2627 809 2660 iam
838 2627 967 2673 adest3
1002 2627 1135 2662 bouum
1160 2629 1267 2663 etiam
1291 2629 1388 2663 nocti
1413 2630 1569 2674 parere.”
1592 2639 1679 2673 pro-
1724 2631 1733 2662 ζ’
