1754 3086
183 96 299 164 446
652 113 832 156 ANNAF.
872 113 1172 156 coMNENAE

182 216 335 262 στᾶνας
365 210 666 266 α’πονενευκαίς,
708 215 790 255 τῶν
819 229 863 255 τε
892 212 1106 269 ἡγεμόνων
1142 214 1215 255 καί
1239 215 1319 256 τῶν
1345 217 1398 272 τῇ
1425 219 1635 278 συγκλήτῳ

183 280 502 332 κατειλεγμένων
543 281 779 334 προκρίτων
815 281 981 334 ἀνδρῶν
1020 277 1179 333 πολλὴν
1209 283 1410 336 φροντίδα
1439 284 1636 337 ποιούμε-

182 359 264 397 νος,
295 342 534 385 ὑπεποιεῖτο
562 343 737 394 αὐτούς.
768 342 819 401 ἦν
846 345 926 399 γάρ
957 344 1034 400 τήν
1064 349 1198 400 φρένα
1226 348 1302 399 μὲν
1331 345 1519 402 ὀξύτερος
1553 351 1637 404 ἀμ-

185 408 397 466 φιστόμου
425 410 585 465 ξίφους,
619 410 819 463 στάσιμος
850 413 895 454 δὲ
926 411 1135 463 οὐδαμῶς,
1179 415 1219 454 εἰ
1244 411 1302 468 μὴ
1328 410 1426 456 ὅσον
1453 415 1556 470 πρὸς
1586 416 1634 458 τὸ

182 472 456 530 τυραννήσειν
481 473 526 517 τὸ
550 475 806 529 ἀμετάθετον
831 478 1098 519 ἐνεδείκνυτο·
1123 477 1326 533 μελιχρὸς
1355 481 1399 522 ἐν
1426 483 1573 535 λόγοις,
1592 485 1674 526 ὲν5

183 547 546 598 συναναστροφαῖς
572 540 689 597 ἡδύς,
709 542 1097 598 ταπεινοφροσύνην
1123 546 1202 594 μὲν
1218 544 1273 594 ὡς
1303 545 1520 602 ἀλωπεκῆν
1539 552 1635 591 ποτὲ

183 605 558 662 περιβαλλόμενος,
600 607 714 650 ἔστιν
744 605 818 650 οὖν
861 612 932 650 καί
967 607 1014 649 τὸ
1047 611 1272 660 θυμοειδὲς
1311 609 1502 668 καθάπερ
1531 618 1637 656 λέων

184 676 402 730 ἐμφαίνων
432 676 555 728 ποτέ,
590 675 808 730 ῥωμαλέος
835 676 908 716 καί
950 673 1052 730 πρὸς
1091 677 1296 728 Γίγαντας
1323 678 1637 732 ἑγκαυχώμενος

138 740 451 793 Βὰμιλλᾶσθαι
469 773 480 790 .,
513 738 736 796 σιτόχρους
763 740 837 795 τήν
866 736 992 794 ὄψιν,
1030 739 1157 795 εὐρὺς
1184 741 1236 783 τὰ
1264 745 1437 797 στέρνα,
1472 742 1635 799 ὑπερω-

668 802 742 818 un

182 809 283 859 μίας
310 808 391 848 τῶν
418 807 511 848 τότε
539 822 686 861 καιρου
718 823 848 849 οντων
868 808 1042 860 α’νδραῖν.
1099 808 1139 848 εἰ
1162 810 1207 850 δὲ
1231 811 1512 865 σφαιρίζοντα
1539 813 1632 852 τοῦ·
1652 828 1700 855 ro

49 878 171 922 ναῶ,
185 889 254 915 τον
299 868 384 914 εἶδέ
413 888 500 925 τις,
531 874 571 914 εἰ
615 874 660 914 δὲ
689 871 989 925 ἱππαζόμενον,
1018 875 1058 914 εἰ
1086 875 1133 915 δὲ
1168 873 1304 915 ὀϊστὸν
1343 877 1571 927 πέμποντα,
1598 877 1638 919 εἰ

187 937 291 992 δόρυ
332 940 612 993 κραδαίνοντα
654 940 725 980 καί
760 937 964 987 ἱππασίας
1002 937 1463 994 ποιούμενον,,θαῦμα
1499 942 1636 984 ἐδόκει

184 1004 327 1047 καινὸν
353 1007 554 1056 θεᾶσθαι,
584 1002 771 1060 ἐκεχήνει
798 1020 843 1046 τε
874 1005 946 1047 καί
981 1005 1110 1057 μόνον
1140 1005 1190 1046 οὗ
1218 1005 1410 1061 πεπηγώς
1436 1003 1505 1063 ἦν.
1564 1011 1634 1051 διοὶ

52 1077 89 1111 P.
104 1073 305 1114 258101310
333 1073 404 1112 καί
431 1073 591 1123 μᾶλλον
616 1070 690 1125 τήν
718 1072 801 1112 τῶν
830 1073 992 1112 πολλῶν
1020 1073 1225 1114 ἐπεσπᾶτο
1254 1068 1432 1117 εὔνοιαν.
1487 1077 1634 1116 τοσοῦ-

185 1153 256 1180 τον
286 1139 331 1179 δὲ
358 1135 404 1178 τὸ
437 1136 780 1190 σπουδαζόμενον
809 1133 925 1194 αὐτῷ
951 1135 1113 1194 προῄει,
1143 1135 1199 1186 ὥς
1228 1140 1301 1180 καί
1321 1135 1450 1181 αὖτὸν
1473 1139 1545 1182 τὸν
1571 1141 1699 1183 ἑπίὄ

183 1205 352 1260 α’δελφῇ
395 1205 468 1245 τοῦ
506 1202 810 1258 αὕτοκράτορος
841 1202 1033 1257 γαμβρὸν
1060 1202 1246 1258 Μιχαὴλ
1286 1203 1359 1247 τὸν
1394 1208 1636 1261 Ταρωνίτην

183 1271 242 1327 τῷ
295 1271 370 1311 τοῦ
413 1269 810 1324 πανυπερσεβάστου
851 1268 1082 1322 τιμώμενον
1131 1269 1337 1324 ἀξιώματι
1379 1269 1636 1328 ὑποποιήσα-

184 1340 303 1379 σθαι.

295 1419 334 1460 7.
384 1401 496 1443 Ἀλλ’
526 1400 777 1442 ἐπανακτὲον
804 1398 876 1441 τὸν
911 1399 1033 1454 λόγον
1063 1396 1189 1451 αὖθις
1217 1398 1317 1444 ὅθεν
1348 1401 1537 1459 οἷπερρύη
1564 1406 1639 1445 καί

1088 1465 1101 1479 ζ

184 1471 278 1510 καθ’
326 1465 471 1521 εἱρμὸν
500 1464 636 1508 ἑκτέον
663 1467 737 1520 τῆς
767 1466 1008 1522 διηγήσεως.
1080 1483 1100 1507 ο
1135 1470 1213 1517 μὲν
1257 1463 1333 1508 οὖν
1369 1469 1631 1522 αὐτοκράτωρ
1647 1486 1700 1512 20

183 1540 270 1583 τοῖς
319 1538 529 1588 λογισμοῖς
566 1534 834 1587 α’νατρέχων,
880 1535 923 1584 ἐξ
957 1527 1085 1587 οὗπερ
1125 1533 1198 1586 τὴν
1244 1536 1339 1575 καθ’
1381 1532 1537 1577 ἑαυτοῦ
1562 1538 1636 1577 τοῦ

275 1649 310 1681 3.
338 1645 561 1693 ὕποπριεῖτο
589 1645 658 1686 PG,
686 1650 782 1699 recte
808 1645 846 1678 C.
988 1647 1020 1679 5.
1047 1649 1284 1694 τυραννίσειν
1309 1647 1352 1681 G.
1493 1660 1525 1693 ς.
1555 1649 1633 1694 lege

282 1696 383 1730 ἔστιν
409 1695 463 1728 οὑ.
589 1695 639 1727 15.
667 1705 733 1728 τον
756 1691 838 1725 add.
867 1692 903 1725 C.

183 1797 387 1838 accedebat,
414 1795 680 1836 contaminavit,
705 1796 794 1828 alios
820 1795 1024 1829 iuramentis
1050 1795 1340 1840 sibiadiungms,
1366 1797 1454 1830 alios
1479 1799 1632 1843 promis-

183 1847 244 1880 sis.
295 1857 335 1878 ac
357 1845 482 1888 vulgus
509 1842 653 1888 quidem
687 1843 864 1883 militum,
890 1855 963 1875 non
990 1848 1130 1876 tantum
1170 1855 1298 1889 operae
1319 1843 1431 1885 dedit,
1462 1851 1501 1878 ut
1524 1847 1633 1892 pessi-

184 1897 301 1926 ceret:
326 1892 394 1924 iam
421 1891 514 1923 enim
539 1900 660 1922 omnes
684 1890 722 1922 in
738 1890 853 1934 ipsum
877 1901 914 1922 se
929 1890 1173 1924 inclinabant:
1203 1890 1264 1924 sed
1292 1897 1388 1925 totus
1412 1892 1452 1924 in
1477 1903 1520 1925 eo
1545 1899 1632 1934 erat,

185 1946 225 1973 ut
252 1939 402 1972 civitatis
427 1938 617 1982 principes,
643 1942 713 1969 tarn
738 1937 910 1970 exercitus
929 1936 1035 1970 duces
1061 1949 1167 1982 quam
1197 1939 1257 1983 qui
1290 1939 1328 1971 in
1364 1944 1488 1972 senatu
1514 1940 1631 1986 pluri-

185 1998 280 2020 mum
308 1986 522 2018 auctoritate
548 1983 747 2028 pollebant,
773 1984 869 2016 omni
895 1995 977 2017 cura
1005 1984 1072 2017 sibi
1094 1984 1302 2018 devinciret.
1352 1985 1512 2020 habebat
1536 1988 1630 2020 enim

185 2039 341 2067 mentem
377 2031 523 2076 ancipiti
552 2031 670 2074 gladio
705 2031 911 2071 acutiorem,
948 2037 1170 2065 constantem
1197 2038 1316 2065 autem
1344 2033 1503 2074 minime,
1527 2045 1632 2079 prae-

185 2086 347 2126 terquam
374 2078 472 2124 quod
509 2077 706 2121 tyrannidis
744 2077 971 2122 occupandae
1006 2084 1112 2111 tenax
1146 2085 1248 2112 esset.
1305 2079 1418 2113 dulcis
1444 2091 1632 2122 sermone,

186 2126 447 2162 consuetudine
484 2125 615 2165 comis,
655 2124 853 2158 modestiae
894 2136 930 2158 se
957 2125 1168 2171 plerumque
1197 2126 1315 2171 specie
1339 2131 1509 2172 tanquam
1533 2129 1632 2173 pelle

185 2175 334 2219 vulpina
359 2171 515 2217 tegebat,
541 2171 603 2204 sed
624 2172 718 2204 idem
743 2183 817 2204 non
840 2183 917 2205 raro
941 2173 1142 2214 iracundus,
1169 2178 1208 2206 ut
1226 2174 1296 2213 leo,
1320 2173 1526 2218 apparebat.
1553 2187 1632 2208 cor-

186 2223 282 2266 poris
316 2220 444 2254 robore
475 2218 690 2262 Gigantibus
727 2230 847 2263 parem
883 2230 920 2252 se
949 2220 1178 2263 gloriabatur.
1227 2220 1388 2254 triticeus
1416 2221 1515 2254 color
1539 2223 1632 2263 oris,

186 2270 300 2302 latum
322 2273 460 2314 pectus.
522 2267 607 2299 totis
633 2265 788 2299 humeris
818 2266 1001 2299 eminebat
1029 2279 1133 2312 supra
1158 2277 1217 2300 eos
1244 2267 1305 2311 qui
1330 2273 1416 2300 tunc
1441 2275 1542 2302 erant
1565 2269 1632 2302 ho·-

187 2317 313 2349 mines.
372 2315 443 2347 iam
466 2324 548 2346 vero
582 2324 659 2345 cum
695 2313 752 2345 vel
782 2313 857 2358 pila
892 2313 1053 2355 luderet,
1077 2314 1136 2347 vel
1158 2314 1354 2359 equitaret,
1376 2314 1435 2347 vel
1474 2315 1630 2349 iaculum

187 2364 367 2402 mitteret,
393 2361 453 2394 vel
487 2359 621 2393 hastam
649 2366 825 2404 quateret,
854 2361 912 2394 vel
935 2362 1110 2406 equestris
1146 2372 1286 2405 pugnae
1313 2362 1492 2405 specimen
1519 2363 1632 2404 daret,

189 2408 419 2444 admirationi
444 2407 686 2452 spectantibus
712 2413 798 2447 erat,
827 2408 887 2452 qui
915 2412 1054 2441 tantum
1078 2419 1151 2441 non
1170 2409 1313 2441 attoniti
1337 2408 1540 2443 adstabant.
1589 2420 1631 2443 ea

191 2470 246 2491 res
279 2457 450 2490 maiorem
484 2455 590 2487 etiam
631 2454 870 2487 multitudinis
911 2455 1066 2488 favorem
1109 2455 1178 2499 ipsi
1214 2456 1429 2489 conciliavit.
1489 2467 1530 2490 ac
1557 2462 1631 2490 tam

189 2515 359 2550 prospere
385 2503 566 2547 inceptum
589 2500 812 2541 succedebat,
838 2507 878 2534 ut
903 2502 1020 2547 ipsum
1036 2503 1260 2547 imperatoris
1289 2502 1335 2535 ob
1364 2502 1506 2536 ductam
1529 2514 1632 2537 soro-

187 2564 262 2585 rem
292 2550 444 2590 affinem,
468 2547 682 2582 Michaelem
709 2547 938 2590 Taronjtam,
970 2549 1288 2595 panhypersebasti
1324 2549 1498 2594 dignitate
1525 2562 1632 2584 orna-

187 2605 279 2639 tum,
305 2599 343 2631 in
367 2602 484 2642 partes
512 2607 591 2629 suas
617 2595 786 2628 traheret.

279 2657 310 2689 7.
361 2644 431 2677 Sed
457 2642 678 2676 redeundum
696 2648 761 2683 est,
787 2641 882 2675 unde
910 2641 1056 2675 deflexit
1080 2643 1248 2676 narratio.
1298 2643 1490 2688 imperator
1514 2643 1634 2687 igitur,

190 2703 232 2725 ex
260 2703 331 2738 quo
359 2691 527 2735 Diogenis
569 2689 734 2725 adversus
772 2699 809 2723 se
844 2688 965 2722 odium
985 2691 1176 2735 perspexit,
1207 2690 1289 2723 inde
1311 2691 1428 2724 animo
1458 2696 1631 2736 repetens,
