1754 3086
251 154 378 192 XVIII
664 149 920 192 LUDOVICI
959 151 1219 193 SCIIOPENI

253 261 376 308 quae
411 241 579 289 codice
611 245 906 307 AugustanO,
953 261 1080 290 nunc
1121 245 1418 305 Monacensi,
1464 247 1684 294 contine-

250 336 341 372 tur.
423 326 537 371 Eam
586 342 732 388 opera
778 327 890 372 Dav.
939 327 1206 372 Hoeschelii
1242 326 1418 372 editam
1455 343 1554 374 esse
1588 328 1683 375 Au-

249 417 367 471 gust.
401 407 584 454 Vindel.
623 424 663 454 a.
695 409 834 454 1610.
858 405 935 469 4.,
968 426 1068 454 non
1103 410 1323 472 ignorant
1363 408 1550 456 eruditi.
1624 411 1683 457 At

252 488 368 535 illud
402 488 620 535 nondum
657 490 706 535 in
737 490 868 535 libris
903 489 963 535 de
994 490 1253 535 litteratura
1285 490 1573 537 Graecorum
1604 508 1682 538 re-

248 572 395 617 latum
429 572 649 632 invenio,
688 572 778 617 hac
825 572 1044 634 Epitome
1091 589 1191 617 non
1235 572 1427 632 solum,
1458 580 1510 618 ut
1542 573 1679 636 vulgo

251 654 544 714 existimant,
587 669 642 700 ex
686 652 919 699 Alexiadis
955 654 1086 699 libris
1138 662 1245 699 octo
1278 653 1546 715 prioribus,
1595 655 1681 701 sed

249 752 304 781 ex
337 743 441 781 toto
488 735 584 782 fere
632 751 778 798 opere
813 736 1041 797 Excerpta
1086 735 1334 781 contineri.
1363 777 1367 782 .
1399 734 1595 781 Dudum
1629 735 1680 782 id

249 817 440 879 docuit,
476 819 561 864 etsi
595 834 764 880 parum
800 826 1040 878 accurate,
1081 820 1148 863 Io.
1186 815 1356 862 Christ.
1391 816 1452 862 W
1455 817 1592 863 olfius
1628 818 1679 864 in

250 898 469 962 Catalogo
507 900 684 945 Femin.
719 900 832 945 olim
868 900 1030 944 illustr.
1066 915 1112 962 p.
1133 901 1242 945 278.
1311 898 1544 946 Nimirum
1575 898 1679 945 edi-

246 982 314 1026 tio
337 981 628 1042 Hoeschelii,
663 982 701 1026 si
736 990 917 1043 septem
946 981 1161 1043 priorum
1196 981 1430 1026 librorum
1466 989 1512 1026 et
1545 981 1679 1026 initia

248 1071 295 1108 et
340 1064 487 1109 exitus
535 1063 913 1126 comparaveris,
969 1079 1077 1108 cum
1123 1063 1336 1109 Parisina
1376 1063 1517 1125 plane
1560 1079 1679 1109 eon-

245 1146 390 1208 gruit3
421 1146 542 1191 liber
576 1154 734 1190 autem
768 1145 962 1190 ultimus
997 1144 1329 1207 complectitur
1362 1160 1460 1206 res,
1493 1161 1519 1190 a
1553 1145 1677 1190 libro

244 1228 355 1273 VIII.
401 1244 553 1290 usque
602 1226 663 1272 ad
697 1227 872 1273 librum
918 1225 1030 1272 XIV.
1075 1243 1122 1288 p.
1142 1223 1250 1273 445.
1269 1227 1318 1272 Α.
1365 1227 1677 1290 perscriptas,

245 1310 312 1355 sic
344 1318 397 1355 ut
430 1310 459 1354 I.
479 1309 552 1354 IX.
574 1309 771 1372 incipiat
801 1325 848 1370 p.
873 1311 980 1369 133,
999 1309 1095 1368 29.,
1128 1309 1157 1353 l.
1176 1307 1230 1353 X.
1256 1325 1303 1370 p.
1327 1312 1435 1370 137,
1452 1306 1520 1368 4.,
1557 1309 1676 1354 1.ΧΙ.

243 1408 291 1453 p.
325 1393 442 1452 150,
473 1395 578 1451 2Ο.,
619 1392 648 1436 l.
671 1391 763 1436 XII.
808 1407 856 1453 p.
906 1391 1022 1450 161,
1056 1391 1129 1436 16.
1212 1390 1463 1453 Utriusque
1503 1391 1677 1453 reliqui

243 1474 352 1519 libri
382 1475 633 1536 Excerpta,
670 1474 733 1519 ob
770 1473 964 1534 codicis,
991 1481 1046 1518 ut
1077 1471 1288 1534 videtur,
1323 1473 1434 1519 folia
1465 1474 1679 1534 turbata,

245 1556 389 1600 alium
436 1545 658 1601 ord‘mem
711 1556 920 1617 habent,
965 1571 1020 1601 ac
1063 1571 1222 1601 rerum
1266 1555 1409 1601 series
1454 1555 1675 1617 postulat.

244 1637 386 1682 Liber
427 1638 556 1683 enim
589 1637 704 1683 XIII.
747 1638 916 1699 incipit
942 1654 990 1699 p.
1024 1634 1226 1698 163,14.
1303 1636 1422 1683 Tum
1464 1637 1681 1699 sequitur

246 1736 295 1781 p.
318 1716 426 1780 164,
447 1717 520 1764 14.
558 1719 749 1765 initium
774 1720 804 1764 l.
831 1719 942 1764 XIV.
980 1719 1114 1765 Hunc
1136 1735 1293 1764 rursus
1315 1719 1345 1764 I.
1365 1718 1479 1764 XIII.
1507 1718 1681 1780 excipit

248 1817 296 1862 p.
320 1805 429 1862 170,
456 1797 533 1846 24.
603 1801 785 1846 Ultimis
818 1802 969 1846 tribus
1003 1801 1492 1864 paginis·Fragmenta
1524 1799 1679 1846 LXIV.

249 1883 482 1946 leguntur.
550 1881 705 1945 Atque
739 1884 859 1928 haec
892 1883 1158 1946 Augustana
1189 1882 1408 1943 Epitome
1435 1897 1528 1942 eas,
1563 1897 1682 1943 quas

254 1964 521 2010 Gronovius
541 1963 804 2026 descripsit,
836 1965 980 2027 longo
1015 1963 1259 2009 intervallo
1284 1971 1511 2008 vetustate
1542 1979 1681 2025 prae-

254 2055 366 2107 stat,
410 2045 650 2108 siquidem
701 2046 915 2092 confecta
959 2054 1027 2091 est
1064 2045 1177 2107 ipsis
1211 2044 1373 2090 Annae
1409 2042 1682 2089 Comnenae

253 2128 567 2191 temporibus.
637 2126 778 2173 Cuius
806 2129 875 2173 rei
910 2135 1186 2190 argumento
1224 2134 1316 2186 est,
1349 2125 1484 2188 quod
1501 2126 1567 2171 Io.
1588 2126 1684 2171 Zo-

257 2226 410 2270 naras,
444 2208 605 2255 Annae
640 2211 877 2272 aequalis,
913 2226 968 2255 ea
1000 2210 1094 2254 iam
1124 2224 1234 2253 usus
1268 2208 1515 2270 reperitur.
1583 2206 1684 2267 Sic,

258 2301 312 2337 ut
343 2292 439 2337 hoc
471 2301 603 2352 utar,
638 2290 802 2337 Annal.
837 2292 971 2337 Tom.
996 2290 1068 2335 III.
1111 2307 1159 2352 p.
1185 2291 1320 2349 236„
1354 2289 1438 2334 ubi
1470 2305 1590 2348 rem,
1622 2288 1682 2334 ab

260 2374 394 2419 Anna
426 2373 475 2419 L.
495 2374 546 2419 V.
566 2377 609 2419 5.
639 2390 688 2436 p.
709 2371 818 2421 248.
853 2373 1102 2432 traditam,
1136 2371 1301 2431 refert,
1344 2371 1484 2416 huius
1521 2385 1685 2415 narra-
1730 2368 1731 2371 ’

259 2455 442 2502 tionem
475 2471 576 2501 non
610 2456 710 2518 ipse
740 2454 998 2517 compendi
1030 2454 1163 2514 feeit,
1198 2452 1281 2498 sed
1317 2452 1468 2514 qualis
1499 2452 1550 2496 in
1573 2451 1686 2513 Epi·
1727 2475 1733 2517 3

260 2547 393 2583 tome
436 2538 631 2600 legitur,
681 2537 742 2583 ad
773 2538 971 2583 verbum
1018 2535 1271 2596 exscripsit.
1352 2534 1447 2580 Nec
1493 2532 1684 2592 dubito,
1724 2537 1734 2606 ᾗ

267 2619 385 2680 quin
421 2619 535 2665 olim
567 2619 663 2665 hoe
686 2620 965 2681 opusculum
1000 2618 1146 2680 magis
1166 2633 1214 2661 se
1231 2615 1488 2678 legentium
1523 2613 1690 2659 studiis

268 2702 695 2764 commendaverit,
731 2718 875 2765 quam
910 2700 1055 2763 ipsius
1078 2699 1240 2744 Annae
1275 2697 1516 2756 volumen,
1551 2693 1686 2757 quod
1714 2693 1722 2736 s
