1754 3086
574 124 577 126 ’
600 139 917 182 paurum.
1383 141 1485 181 xm

438 293 787 328 LATINORUM
833 294 1096 340 ALIQUO'I'

199 392 307 436 DE
383 390 766 435 ALEXIO
848 390 1337 435 COMNENO

525 495 1000 536 TESTIMONIA.

22 627 78 665 ,⁴3³⁴

24 663 416 747 fibuimnnuus
445 701 646 741 Tratus
676 714 736 740 nn
762 712 923 740 Βειιο
953 713 1116 740 sac-‚no
1146 700 1300 739 L1n.11.
1326 700 1484 739 Cim-V.

12 768 15 794 t
46 764 246 815 Praeerat
274 774 409 807 autem
438 781 514 821 per
545 766 587 806 id
630 772 789 819 tempus
820 767 1075 806 Graecorum
1106 765 1284 819 Imperio
1315 765 1379 804 vir
1410 780 1486 806 ne..

12 876 15 878 .
40 840 173 891 ‘qnam
203 841 244 875 et
270 834 478 884 subdolus,
499 832 658 873 Alexius
688 833 870 882 nomine,
899 832 1143 887 cognomine
1175 833 1364 872 Comutio
1397 832 1485 879 (Co-

48 904 217 951 ξομ-πω)
248 899 390 940 dictus.
447 900 642 950 Quicum
668 905 768 939 esset
795 899 834 938 in
858 899 1059 952 imperiali
1089 898 1241 952 palatio
1269 914 1290 938 a
1321 899 1485 938 domino

38 959 290 1021 nicephoro,
321 971 594 1022 cognomento
640 964 886 1005 Bothomath
933 965 1167 1015 (Botam'ate)
1207 966 1277 1018 qui
1314 971 1412 1004 tunc
1446 964 1485 1002 in

40 1033 217 1088 'ceptris
243 1047 361 1087 agens
393 1033 719 1086 principabatur,
749 1032 973 1084 plurimum
1004 1031 1243 1079 honoratus,
1273 1036 1315 1070 et
1345 1033 1485 1084 Mega-

49 1097 258 1142 domestici
296 1099 495 1154 dignitate
535 1102 670 1153 (quem
700 1111 772 1137 nos
813 1098 1009 1137 maiorem
1040 1097 1314 1137 Senescallum
1343 1098 1487 1150 appel-

26 1163 135 1217 jare
161 1167 454 1216 consuevimus)
478 1165 719 1219 fungeretur
738 1163 887 1213 officio,
918 1164 968 1202 ab
991 1164 1246 1216 Imperatore
1271 1163 1484 1214 secundus,

49 1238 197 1274 eontra
227 1231 436 1271 dominum
454 1236 494 1271 et
513 1230 816 1270 benefactorem
842 1244 959 1269 suum
989 1229 1188 1269 malitiose
1206 1230 1482 1279 recalcitrans,

48 1298 193 1355 quinto
235 1298 299 1338 vel
336 1303 448 1338 sexto
485 1310 591 1336 anno
633 1302 850 1350 antequam
883 1295 1058 1348 populus
1091 1302 1230 1335 noster
1260 1296 1486 1346 accederet,

46 1362 214 1419 depulso
247 1362 413 1402 domino
440 1363 658 1415 imperium
683 1362 898 1410 invaserat,
929 1367 970 1400 et
995 1361 1179 1401 retinere,
1202 1362 1488 1415 praesumebat

13 1476 15 1484 k
47 1429 161 1490 quod
190 1429 391 1470 violenter
421 1434 708 1482 occupaverat.
766 1428 862 1467 Car.
887 1443 919 1467 x.
950 1428 1060 1466 Dum
1088 1442 1188 1468 vero
1215 1428 1311 1467 baec
1344 1428 1383 1468 in
1413 1442 1484 1468 ca-

13 1491 15 1533 l
40 1496 141 1541 stris
170 1501 360 1550 aguntur,
386 1508 480 1535 ecce
520 1494 687 1534 domino
720 1493 944 1534 Boamundi
975 1494 1146 1534 nuncius
1179 1508 1364 1547 praesens
1392 1499 1486 1534 ante

46 1561 206 1605 Ducem
235 1562 384 1611 astitit,
412 1559 615 1614 praedicti
659 1561 863 1613 Principis
902 1560 1058 1600 litteras
1094 1559 1278 1600 deserens
1321 1561 1359 1600 in
1388 1559 1488 1600 haec

14 1663 15 1682 ἶ
46 1628 191 1672 verba:
221 1627 389 1668 Noveris
416 1626 602 1667 virorum
632 1626 799 1679 optime,
830 1625 941 1679 quod
970 1626 1045 1665 tibi
1076 1632 1218 1665 contra
1238 1627 1368 1666 feram
1393 1640 1489 1679 pes..

14 1686 15 1691 ¹
46 1692 187 1735 nimam
219 1685 380 1734 et'cum
410 1692 575 1732 bomine
605 1706 777 1745 nequam
810 1692 996 1742 (Aleaeio)
1026 1691 1223 1732 incumbit
1256 1693 1485 1747 negotium:

48 1760 162 1800 cuius
199 1759 455 1813 propositum
498 1764 557 1798 est
584 1772 743 1810 semper
775 1757 928 1807 saliere,
972 1765 1014 1797 et
1044 1772 1207 1798 omnem
1237 1759 1484 1799 Latinorum

48 1825 257 1866 nationem
285 1838 412 1879 usque
430 1823 480 1863 ad
497 1831 674 1863 mortem
693 1823 821 1863 modis
841 1824 1027 1863 omnibus
1057 1825 1241 1878 persequi
1261 1840 1273 1865 ε
1303 1831 1344 1865 et
1373 1827 1486 1879 quod

50 1889 103 1932 de
129 1906 180 1931 eo
221 1896 332 1931 recte
359 1891 556 1939 sentiam,
598 1897 670 1930 tuo
713 1889 934 1944 aliquando
972 1890 1276 1944 approbabitur
1321 1892 1486 1942 iudicio,

49 1956 146 2001 novi
174 1957 280 1998 enim
311 1958 568 1997 Graecorum
612 1956 828 2006 malitiam,
860 1963 900 1995 et
927 1956 1068 1996 odium
1097 1956 1285 1998 adversus
1315 1958 1486 1998 Latino-

48 2034 142 2064 mm
173 2037 321 2064 nomen
361 2023 547 2077 pertinax
589 2028 629 2062 et
660 2022 920 2062 obstinatum.
949 2023 1041 2063 Cu».
1061 2037 1148 2063 xm.
1205 2024 1484 2064 Veruntamen

47 2087 153 2130 nicut
179 2089 244 2129 vir
265 2094 354 2129 erat
381 2089 579 2139 (Alexim)
607 2087 810 2138 subdolus,
839 2095 981 2141 potens
1010 2089 1199 2129 simulare
1229 2096 1271 2129 et
1299 2090 1486 2130 dissimu-

49 2152 133 2197 lare
163 2155 435 2209 propositum,
461 2155 584 2195 missis
612 2154 854 2209 quibusdam
885 2154 1087 2195 nobilibus
1118 2170 1163 2195 ex
1191 2156 1268 2196 suis
1291 2156 1486 2196 domesti-

48 2220 107 2263 cis
137 2219 188 2260 ad
218 2221 392 2261 eundem
438 2221 572 2260 virum
613 2221 844 2275 egregium,
890 2221 1022 2261 verbis
1054 2221 1235 2275 pacificis
1263 2223 1299 2263 ei
1326 2222 1484 2262 locutus

48 2291 109 2329 ent
136 2286 177 2326 in
205 2285 302 2326 dolo
320 2316 332 2335 ‚
377 2292 535 2327 tentans
561 2287 591 2326 si
626 2301 795 2341 quoquo
828 2286 952 2326 modo
996 2301 1088 2327 eum
1117 2296 1252 2342 posset
1281 2289 1484 2342 decipere.

49 2349 144 2393 Cn.
163 2366 242 2392 xiv.
272 2353 347 2392 Hic
377 2352 538 2392 demum
558 2353 711 2406 plenius
741 2354 937 2405 innotuit,
962 2354 1074 2408 quod
1093 2355 1290 2409 quicquid
1318 2357 1372 2394 eis
1404 2357 1485 2394 Im..

49 2422 221 2472 perator
261 2419 463 2468 (Alexim)
509 2418 779 2473 loquebatur,
821 2419 930 2459 fraus
969 2426 1056 2459 erat
1094 2426 1135 2460 et
1170 2420 1485 2460 circumventio.

18 2506 20 2516 2
49 2482 237 2524 Car-xix.
269 2484 473 2539 Quodque
486 2484 743 2538 Principibus
775 2485 996 2526 liberaliter
1021 2487 1255 2526 contulerat
1285 2486 1485 2536 (Alexim)

19 2562 20 2589 l
50 2561 125 2589 nec
155 2548 408 2591 liberalitatis
438 2557 528 2591 erat
570 2566 644 2591 nec
675 2553 853 2605 gratiae,
881 2553 948 2592 sed
987 2553 1145 2592 timoris
1176 2552 1412 2604 desperati,
1447 2557 1487 2590 et

54 2613 338 2654 fraudulentae
366 2618 577 2659 versutiae.
638 2619 790 2658 Nostris
810 2625 945 2659 autem
973 2621 1011 2658 in
1036 2619 1295 2672 simplicitate
1323 2616 1487 2670 spiritus

52 2684 94 2720 et
119 2679 276 2720 sincera
304 2680 383 2721 fide
414 2682 714 2733 incedentibus,
747 2685 810 2724 vix
842 2686 1078 2739 persuaderi
1105 2689 1270 2737 poterat
1305 2685 1487 2723 Graeco-
