1754 3086
678 153 992 195 PRAEFATIO.
1425 155 1531 194 XXV

98 256 289 316 veteris,
324 255 406 302 ubi
442 271 563 319 opus
603 255 868 318 videbitur,
908 258 1119 304 rationes
1149 253 1376 318 reddam,
1411 265 1458 303 et
1489 258 1529 303 si

95 339 216 384 forte
246 337 432 401 longior
462 354 573 385 usus
583 374 597 398 ,
632 347 684 384 ut
718 339 913 399 assolet,
949 339 1149 385 meliora
1179 356 1257 384 me
1294 338 1530 400 docuerit,

97 435 152 466 ea
194 418 381 465 addam.
467 419 583 467 Nam
633 420 718 466 etsi
768 421 842 466 vix
886 421 980 466 ulla
1020 420 1245 466 editionis
1290 420 1528 467 Parisinae

94 499 264 563 pagina
298 509 381 560 est,
415 502 465 547 in
500 518 596 564 qua
617 519 715 548 non
733 510 806 547 ter
827 502 1029 564 amplius
1049 502 1120 548 vel
1139 502 1371 548 librorum
1406 503 1526 548 scri-

96 589 232 644 ptura
264 582 435 628 melior
462 584 691 644 restituta,
722 583 795 630 vel
820 582 1139 629 coniectando
1165 584 1334 629 veritas
1358 584 1527 629 lectio-

96 661 169 708 nis
201 662 390 709 inventa
418 665 500 725 sit,
532 674 692 711 tamen
726 673 909 711 tantuin
943 665 1099 725 abest,
1130 674 1185 711 ut
1206 655 1526 728 ¹perpurgasse

93 741 187 790 iam
220 751 398 791 textum
429 746 550 792 mihi
581 745 769 807 videar,
801 756 855 792 ut
897 763 998 793 non
1030 762 1182 810 pauca
1216 746 1360 793 etiam
1397 763 1527 793 nunc

94 823 300 872 residere
361 825 575 890 doleam,
628 845 752 892 quac
806 827 1051 875 emendari
1111 837 1324 891 poscant.
1393 827 1525 887 Quin

97 922 224 953 nunc
282 908 471 971 ipsum,
515 908 631 956 dum
691 910 787 956 hoc
837 910 1100 971 Volumen‚
1139 910 1328 973 pridem
1375 926 1403 956 a
1446 926 1526 956 me

99 988 385 1051 absolutum,
417 999 647 1053 tanquam
681 992 861 1039 alienus
881 1000 1135 1055 spectator,
1167 992 1422 1055 perlustro,
1451 992 1524 1037 vi-

94 1068 159 1115 tia
193 1071 421 1118 nonnulla
461 1071 789 1134 deprehendi,
842 1074 911 1118 vel
941 1089 1134 1135 prorsus
1167 1090 1194 1119 a
1234 1090 1312 1119 me
1362 1074 1524 1137 negle-

92 1157 182 1210 cta,
213 1151 286 1196 vel
319 1152 475 1198 minus
510 1152 707 1199 feliciter
738 1163 931 1201 tentata.
970 1152 1112 1200 Cuius
1147 1153 1350 1216 duplicis
1377 1170 1525 1217 gene-

94 1231 160 1277 ris
188 1234 401 1296 exempla
435 1234 618 1298 aliquot
650 1235 730 1282 hic
762 1252 1048 1298 proponam.
1119 1237 1227 1298 Pag.
1251 1237 1299 1296 9,
1322 1240 1397 1282 10.
1433 1252 1522 1298 pro

91 1323 318 1377 corrupto
348 1316 596 1378 θειοτέρας
627 1318 728 1381 lege
762 1318 1024 1382 θειοτέρου.
1093 1320 1199 1366 Mox
1237 1319 1266 1364 l.
1290 1320 1364 1364 15.
1401 1317 1524 1363 reci-

90 1410 204 1457 pere
248 1394 511 1459 debebam,
552 1399 687 1461 quod
719 1399 1024 1445 Hoeschelius
1058 1400 1292 1460 coniecit,
1331 1398 1424 1463 ἀφ’
1455 1394 1519 1452 ἧς.

91 1478 172 1535 17,
188 1479 264 1522 21.
284 1493 373 1539 pro
401 1478 448 1523 οἱ
472 1480 559 1538 μὲν
582 1479 670 1542 γὰρ
690 1481 844 1527 scribe
864 1481 910 1525 οἱ
931 1482 1018 1541 μὲν
1036 1477 1135 1527 οὖν.
1217 1484 1294 1542 18,
1313 1485 1388 1528 13.
1408 1481 1522 1541 ἡμῖν

89 1573 257 1604 sanum
281 1568 363 1604 est.
432 1563 511 1622 21,
530 1564 575 1607 2.
596 1562 647 1607 iu
661 1562 818 1608 verbis
835 1558 1024 1613 ἥπλωτο
1048 1562 1136 1621 μὲν
1159 1564 1219 1623 τῇ
1244 1564 1315 1625 γῇ,
1339 1561 1524 1607 dativus

89 1654 192 1686 non
234 1639 407 1703 habet,
446 1642 576 1689 unde
611 1642 832 1707 pendeat.
903 1642 1062 1702 Quare
1106 1645 1208 1707 lege
1250 1644 1522 1707 ἐφήπλωτο.

91 1718 239 1779 Quod
255 1723 453 1769 verbum
486 1725 627 1771 etiam
651 1724 779 1788 apud
798 1725 990 1787 Glycam
1016 1742 1064 1788 p.
1083 1726 1196 1787 623,
1212 1727 1258 1771 9.
1291 1726 1339 1771 in
1355 1725 1522 1772 vitium

89 1801 224 1862 abiit,
251 1818 277 1849 a
299 1803 508 1851 Bekkero
545 1815 777 1852 notatum.
815 1806 999 1852 Deinde
1034 1807 1063 1852 l.
1084 1810 1127 1852 7.
1148 1815 1274 1853 recte
1293 1806 1343 1852 A.
1378 1803 1523 1867 ἐγκεί-

89 1898 246 1943 μενον.
281 1884 375 1931 Nec
410 1886 566 1932 minus
595 1889 802 1950 probum
838 1897 923 1949 est,
954 1888 1087 1951 quod
1119 1889 1149 1933 l.
1173 1893 1244 1935 10.
1282 1889 1331 1934 in
1367 1890 1418 1934 G.
1454 1889 1523 1934 le-

89 1965 241 2028 gitur,
280 1968 617 2030 πανταχόθεν.
654 1969 830 2016 Eadem
856 1972 1124 2034 corruptela
1158 1988 1206 2034 p.
1226 1975 1306 2032 32,
1327 1968 1400 2017 14.
1430 1971 1523 2016 tol-

87 2045 244 2107 lenda,
276 2047 386 2094 licet
417 2066 584 2095 omnes
608 2051 716 2097 libri
738 2051 1030 2114 πανταχόθι
1061 2052 1282 2099 habeant.
1352 2049 1521 2114 24,15.

85 2131 323 2190 τοσοῦτο,
368 2130 503 2193 quod
550 2131 603 2179 G.
641 2132 749 2194 dat,
794 2150 893 2179 non
926 2134 1259 2198 recipiendum
1300 2143 1400 2180 erat
1432 2150 1521 2197 pro

35 2260 37 2273 ἱ
87 2210 266 2256 rariore
306 2216 553 2265 τοσοῦτος.
631 2214 944 2261 Locutioncm
992 2216 1219 2279 exemplis
1260 2231 1366 2261 cum
1403 2215 1523 2260 alio-

34 2300 37 2311 *
86 2306 192 2337 rum
223 2293 508 2355 scriptorum
527 2330 541 2356 ,
571 2305 671 2342 tum
704 2297 851 2359 ipsius
885 2298 1049 2344 Annae
1082 2315 1129 2361 p.
1149 2301 1259 2345 381.
1279 2298 1326 2343 B.
1360 2297 1523 2343 firma-

35 2385 38 2442 ξ
87 2372 156 2417 vit
171 2372 370 2419 Lobeck.
405 2374 464 2420 ad
498 2376 671 2438 Plu-yn.
708 2374 878 2440 pstea.
980 2382 1156 2439 27,10.
1193 2379 1292 2441 lege
1323 2394 1432 2424 eum
1468 2377 1519 2422 A.

84 2454 364 2512 μεμαθήκει.
433 2455 571 2516 29,6.
599 2475 688 2520 pro
713 2459 882 2504 vitioso
916 2458 1228 2520 α’πελάττειν,
1262 2475 1390 2505 nunc
1424 2475 1524 2504 non

36 2529 37 2532 ¹
90 2534 278 2596 dubito,
313 2537 431 2599 quin
451 2539 730 2601 reponenda
750 2540 809 2585 sit
836 2541 976 2586 lectio
999 2540 1049 2586 Α.
1087 2541 1374 2605 φυλάττειν.
1442 2543 1522 2600 37,

87 2618 129 2661 5.
163 2617 424 2675 μεμηνόσιν
470 2618 595 2681 ἐῴκει
628 2620 710 2665 καὶ
753 2618 861 2666 οὔτε
898 2620 1146 2686 ῥᾳστώνης
1192 2623 1239 2666 ἐν
1273 2621 1414 2683 χρείᾳ
1449 2617 1518 2674 ἣν.

86 2695 270 2743 Frustra
304 2699 487 2747 conieci
523 2700 604 2746 καὶ
640 2699 748 2747 οὔτι
782 2719 843 2763 γε.
880 2701 1000 2764 Lege
1044 2700 1126 2747 καὶ
1160 2703 1216 2747 οὐ
1251 2705 1331 2756 τῆς
1364 2703 1518 2766 ῥ.1ῑει
