1754 3086
176 131 271 170 vm
594 126 853 170 LUDOVICI
903 125 1167 170 SCHOPENl

181 224 242 269 cii
286 223 462 284 suerat3
505 238 714 285 cumque
759 239 814 267 ex
861 222 961 268 eius
1008 223 1293 284 collatione,
1339 233 1391 271 ut
1435 226 1535 288 ipse
1578 227 1628 274 in

180 305 378 351 Praesat.
404 304 465 350 ad
490 305 685 367 Niceph.
713 305 916 367 Bryenn.
954 323 998 367 p.
1016 305 1107 350 XV.
1130 305 1204 350 ed.
1225 306 1375 352 Bonn.
1413 308 1494 370 ait,
1527 326 1628 356 non

180 387 331 433 modo
364 388 556 432 lacunas
601 387 710 433 libri
756 388 827 433 sui
863 386 978 432 editi
1013 388 1277 450 supplesset
1313 405 1507 451 omnes,
1543 390 1628 436 sed

180 468 390 514 diversas
425 486 624 532 quoque
659 470 890 516 lectiones
932 468 1065 515 facile
1098 470 1173 515 bis
1209 470 1338 516 mille
1374 481 1627 534 enotasset,

179 551 306 597 hanc
339 551 553 597 criticam
589 552 838 598 materiem
870 551 920 596 in
938 550 1087 612 Notis,
1123 551 1346 614 singulari
1382 553 1627 600 volumine

178 633 396 695 edendis,
429 633 704 681 additurum
740 649 788 680 se
816 649 914 679 esse
949 632 1189 696 pollicitus
1224 642 1306 679 est.
1347 634 1444 681 Sed
1476 634 1626 682 fidem

177 733 280 763 non
324 716 491 778 solvit3
543 732 635 763 nec
679 714 958 763 adversariis
1002 716 1104 762 eius
1150 715 1272 779 quid
1316 715 1491 763 factum
1536 717 1625 779 sit,

177 798 328 862 magis
362 797 512 844 hodie
547 797 820 861 ignoratur,
866 814 1010 860 quam
1048 813 1146 860 quo
1179 796 1332 844 codex
1363 797 1626 845 Tolosanus

177 880 279 942 ipse
313 879 597 942 pervenerit.
663 879 772 925 Mox
805 879 855 925 in
887 879 1211 942 provinciam,
1245 896 1272 925 a
1300 880 1500 926 Possino
1537 879 1625 927 de-

178 971 383 1022 sertam,
424 961 648 1007 successit
691 960 890 1024 quidem
923 959 1116 1007 Carolus
1149 961 1447 1025 Ducangius,
1481 962 1624 1025 longe

181 1044 428 1104 omnium,
464 1043 549 1107 qui
583 1043 659 1090 his
689 1043 858 1089 litteris
894 1059 1091 1105 operam
1120 1053 1367 1105 navat-unt,
1400 1060 1511 1089 meo
1547 1044 1622 1090 iu-

181 1125 335 1186 dicio,
369 1126 618 1189 princeps:
656 1125 756 1189 qui,
790 1125 828 1170 si
859 1133 992 1171 tanta
1020 1141 1132 1171 cura
1161 1126 1438 1189 ingeniique
1472 1125 1622 1172 selici-

175 1217 272 1254 tate
307 1209 358 1254 in
391 1209 697 1271 castigatione
727 1208 985 1254 verborum
1022 1208 1324 1268 elaborasset,
1360 1216 1540 1270 quanta
1569 1207 1619 1253 in

177 1292 322 1336 r'ehus
359 1289 650 1353 explicandis
676 1298 885 1336 versatus
912 1298 1006 1349 est,
1040 1289 1161 1334 nihil
1194 1288 1460 1334 admodum
1494 1289 1621 1349 aliis,

179 1372 319 1435 quod
355 1381 566 1436 agerent,
597 1371 845 1418 relicturus
874 1370 1013 1417 fuisse
1037 1369 1292 1416 videretur.
1357 1370 1532 1416 Verum
1567 1371 1623 1431 is,

178 1455 275 1501 sive
311 1454 639 1501 instrumentis
674 1453 736 1500 ad
771 1470 876 1500 eam
911 1470 1013 1501 rem
1048 1453 1322 1519 necessariis
1345 1452 1623 1515 destitutus,

178 1539 276 1585 sive
308 1539 451 1585 etiam
495 1536 632 1601 quod
659 1538 857 1584 omnino
902 1553 930 1583 a
959 1537 1122 1584 critica
1142 1562 1146 1566 *
1166 1537 1414 1583 severitate
1458 1538 1618 1601 paullo

180 1620 385 1666 alienior
432 1628 556 1681 erat,
597 1625 752 1666 textus
794 1618 1182 1665 emendationem
1217 1618 1339 1666 adeo
1374 1636 1477 1665 non
1512 1628 1622 1666 ten-

177 1702 319 1762 tavit,
353 1710 406 1747 ut
440 1702 490 1747 in
525 1701 696 1764 amplis
730 1701 820 1747 illis
852 1710 899 1746 et
940 1700 1204 1765 magnificis
1249 1699 1496 1748 doctrinae
1541 1719 1623 1747 ex-

181 1783 518 1845 quisitissimae
552 1783 732 1846 copiis,
769 1798 887 1846 quas
932 1782 994 1829 ad
1036 1781 1310 1829 Alexiadem
1356 1782 1622 1830 ornandam

180 1863 414 1910 Cinnamo
463 1881 549 1911 suo
601 1865 869 1925 subiunxit,
902 1865 978 1911 vix
1019 1863 1187 1911 decem
1227 1865 1361 1912 locos
1384 1865 1621 1928 reperias,

179 1947 230 1992 in
263 1947 439 2009 quibus
475 1947 626 1994 critici
657 1963 856 1994 munere
891 1947 1124 2010 fungatur.

311 2029 379 2074 Ita
414 2045 522 2075 cum
555 2037 711 2074 totum
747 2029 1030 2075 recensendi
1066 2029 1311 2092 negotium
1358 2030 1477 2076 mihi
1507 2030 1619 2076 reli-

178 2118 308 2156 ctum
344 2119 464 2156 esset
498 2111 759 2174 integrum,
802 2121 911 2157 ante
945 2111 1106 2157 01111113
1139 2111 1373 2158 librorum
1408 2111 1619 2158 subsidia

177 2192 542 2255 circumspicere
578 2193 741 2255 coepi,
776 2193 952 2255 quibus
980 2202 1160 2238 textum
1195 2210 1221 2238 a
1254 2194 1468 2254 1113011115,
1501 2210 1618 2256 quas

179 2290 235 2318 ex
269 2273 456 2319 diutino
501 2274 594 2320 situ
636 2276 808 2320 multas
849 2275 1096 2337 variasque
1143 2276 1306 2336 traxit,
1347 2291 1614 2338 purgarem.

179 2353 264 2400 Cui
308 2354 572 2417 desiderio,
619 2373 718 2419 quo
768 2356 925 2402 minus
974 2372 1061 2418 per
1106 2355 1340 2401 Alexiadis
1392 2355 1615 2402 codicum

176 2437 465 2499 paucitatem
511 2453 701 2500 sperare
748 2437 903 2498 licuit,
948 2438 1049 2483 sore
1091 2445 1145 2481 ut
1191 2437 1350 2499 aliqua
1393 2453 1447 2482 ex
1480 2445 1615 2499 parte

174 2519 286 2563 satis
317 2517 478 2573 fieret,
513 2530 570 2564 eo
604 2519 780 2582 gratius
815 2518 1015 2578 accidit,
1055 2526 1109 2564 ut
1162 2519 1373 2564 criticam
1409 2519 1613 2581 supelle-

174 2599 334 2644 ctilem
374 2600 688 2661 nanciscerer,
726 2598 849 2662 quae
870 2599 932 2645 ad
968 2600 1137 2645 iustam
1175 2598 1455 2660 editionem,
1492 2615 1613 2662 qua-

173 2669 268 2726 lem
303 2680 587 2743 meditabar,
621 2681 870 2728 suffectura
905 2680 1159 2728 videretur.
