1754 3086
179 69 294 137 438
636 90 820 131 ANNAE
873 91 1171 134 COMNENAE

178 203 250 243 νης
275 191 348 229 καί
373 187 480 243 πρὸς
508 187 637 230 αὐτὸν
665 186 820 244 ἤρώτα,
861 191 1193 245 ὑπισχνούμενος
1220 192 1294 234 καί
1318 192 1414 242 τούς
1442 195 1623 252 ὖπεσχη-

174 257 328 307 μένους
368 253 555 309 ὁμήρους
599 256 744 297 δοῦναι
778 258 850 298 καί
877 256 1072 310 καθαράν
1107 258 1180 311 τὴν
1210 257 1376 315 εἰρήνην
1403 261 1511 313 μετὰ
1540 265 1625 304 τῶν

173 319 402 373 ιΡιο,ιιαιίον
440 321 518 361 τοῦ
559 323 707 362 λοιποῦ
736 325 930 377 τηρῆσαι.
1004 323 1110 363 α’λλὰ
1145 326 1276 365 ταῦτα
1305 328 1383 377 μὲν
1409 325 1453 367 ἐν
1477 326 1626 380 μόναις

177 391 326 438 ψιλαῖς
364 385 669 440 ὑποσχέσεσιν·
739 387 869 438 αότὸς
901 391 946 429 δὲ
971 387 1215 440 ἐξωπλίζετο
1254 388 1472 443 ἅγνιόστως
1509 389 1627 450 αὐτῷ

47 463 161 498 p,253
177 455 440 506 προσβαλεῖν.
510 454 582 494 καί
609 454 682 508 τῆς
710 452 815 507 πρὸς
855 453 926 495 τὸν
954 453 1145 510 Ἰωάννην
1178 455 1386 512 φερούσης
1410 460 1484 499 τοῦ
1515 461 1661 503 Βολ-5

175 516 301 558 κάνου
340 514 585 571 ἁψαμένου,
626 517 811 572 μοναχός
847 535 908 568 τις
942 519 1270 575 προκαταλαβιὸν
1310 522 1358 564 τὸ
1385 523 1624 576 μελετώμε-

174 600 244 626 νον
280 584 530 638 ἀπαγγέλλει
568 587 627 642 τῷ
666 586 860 642 Ἰωάννῃ,
900 585 973 627 καί
1010 586 1342 640 καταλαμβάνειν
1366 588 1436 631 τὸν
1465 589 1624 645 ἐχθρόν

174 647 254 705 ἤδη
291 652 584 705 διισχυρίζετο.
652 648 673 692 ὅ
710 654 757 693 ὸὲ
799 651 905 703 μετὰ
949 655 1096 705 θυμοῦ
1132 656 1279 694 τοῦτον
1316 655 1621 708 α’πεπέμψατο,

174 717 360 771 ψεύστην
389 716 460 758 καί
496 719 718 758 α’πατεῶνα
755 716 987 759 ἀποκαλῶν.
1045 717 1152 759 α’λλά
1183 717 1228 760 τὸ
1259 717 1378 774 ἔργον
1406 720 1478 763 τὸν
1503 721 1624 776 λόγον

174 785 444 837 προέφθασεν
487 779 797 824 πιστώσασθαι.
871 781 1020 832 νυκτὸς
1057 783 1137 837 γάρ
1181 786 1439 827 ἐπεισπεσὼν
1485 788 1689 843 αὐτῷ’Ηο

172 846 351 897 πολλούς
378 850 455 900 μὲν
483 849 567 890 ταῖν
593 850 855 903 στρατιωτῶν
871 847 984 896 ἐντὸς
1012 852 1091 890 ταῖν
1111 853 1270 905 σκηνῶν
1299 851 1452 904 ἀνεῖλε,
1480 855 1628 895 πολλοὶ

173 916 220 956 δὲ
248 916 321 956 καί
359 912 439 954 οἷνοὶ
480 912 629 967 κράτος
673 913 892 969 φεύγοντες
935 920 1026 963 ταῖς
1064 916 1196 963 δίναις
1222 917 1295 958 τοῦ
1323 917 1435 958 κάτω
1462 917 1628 974 ῥέοντος

172 981 364 1030 ποταμοῦ
393 981 704 1034 παρασυρέντες
735 980 1033 1035 ἀπεπνίγησαν.
1067 980 1213 1023 ὁπόσοι
1241 983 1286 1023 δὲ
1311 986 1626 1040 σταθηροτέρας

136 1043 336 1100 Βγνώμης
364 1041 488 1099 ἦσαν,
520 1044 596 1100 τήν
624 1048 699 1086 τοῦ
725 1045 914 1088 Ἰωάννου
945 1045 1278 1103 α’ναζητὴσαντες
1304 1048 1468 1104 σκηνήν,
1501 1050 1627 1091 ὲκθύ-
1651 1074 1660 1085 ·

172 1128 262 1164 μως
301 1111 537 1165 μαχόμενοι
566 1110 721 1167 ταύτην
757 1111 828 1153 ἐπὶ
854 1115 1009 1154 ταύτοῦ
1052 1111 1168 1167 μόγις
1202 1114 1458 1170 διετήρησαν.
1516 1111 1624 1157 οὕτω
1644 1124 1690 1164 15

170 1178 272 1231 γοῦν
312 1175 357 1218 τὸ
389 1179 468 1228 μὲν
502 1181 697 1218 πλεῖστον
735 1181 811 1219 τοῦ
846 1175 1096 1231 ζΙ·“’ω,ααἰ”κοῦ
1132 1180 1445 1233 στρατεύματος
1478 1176 1623 1238 ᾤχετο.

171 1243 193 1284 ὁ
237 1245 282 1284 δὲ
315 1241 526 1292 Βολκάνος
563 1242 662 1293 τούς
692 1245 826 1293 ἰδίους
868 1243 1172 1297 ἀναλεξάμενος
1199 1248 1270 1287 καί
1297 1245 1487 1288 α’νελθτόν
1516 1243 1626 1289 ἅνω·-

118 1345 123 1348 ,
170 1314 248 1351 θεν
274 1311 352 1350 τοῦ
389 1312 533 1362 Ζυγοῦ
561 1311 666 1351 κατὰ
699 1308 743 1352 τὸ
775 1312 1058 1365 Σφεντζάνιον
1086 1309 1196 1366 ἔστη.
1272 1310 1310 1353 οἱ
1341 1314 1379 1353 δ’
1411 1312 1527 1368 ἀμφὶ
1552 1312 1627 1354 τὸν

170 1374 359 1431 Ἰωάννην
399 1375 571 1424 τούτους
605 1374 888 1431 θεασάμενοι,
929 1377 1058 1430 ὀλίγοι
1097 1372 1210 1425 ὄντες
1236 1377 1307 1418 καί
1333 1376 1391 1432 μὴ
1419 1378 1527 1428 μετά
1559 1393 1624 1419 το-

170 1439 332 1483 σούτων
372 1439 591 1494 μάχεσθαι
623 1442 866 1496 δυνάμενοι,
901 1442 1200 1495 ἐβουλεύσαντο
1227 1445 1285 1493 εἰς
1314 1443 1502 1485 τούπίσω
1533 1445 1624 1485 δια-
1638 1469 1690 1494 20

170 1510 353 1561 περᾶσαι
380 1507 447 1549 τὸν
475 1507 674 1559 ποταμόν.
731 1505 882 1548 τούτου
926 1509 972 1549 δὲ
999 1508 1221 1562 γεγονότος,
1253 1506 1624 1562 καταλαμβάνουσι

170 1573 215 1615 τι)
247 1575 463 1623 Λιπένιον,
489 1573 590 1614 ὠσεί
612 1571 775 1614 δώδεκα
804 1575 1002 1622 σταδίους
1025 1572 1172 1616 τούτου
1201 1576 1374 1627 α’πέχον·
1431 1577 1625 1617 ἑπιπλέον

174 1642 211 1681 ι)’
246 1639 436 1693 ἀντέχειν
475 1638 570 1687 τοὺς
612 1643 832 1688 πλείστους
868 1639 1143 1690 ἀπολωλεκώς
1169 1639 1225 1695 μή
1259 1639 1521 1692 δυνάμενος,
1551 1640 1625 1696 τὴν

136 1707 231 1755 (ζῶς
259 1705 363 1762 πρὸς
392 1704 468 1760 τὴν
492 1705 802 1758 βασιλεύουσαν
830 1704 1075 1762 α’νεζήτησε·
1131 1702 1223 1764 κᾷθ’
1257 1704 1390 1755 οὕτως
1418 1709 1623 1763 τεθαρρη-

275 1818 326 1851 13.
351 1816 390 1851 δὲ
418 1817 460 1850 G.
535 1829 592 1851 20.
621 1817 825 1864 δυνάμενοι
849 1817 1042 1865 μάχεσθαι
1064 1814 1158 1865 μετὰ
1186 1819 1375 1853 τοσούτων
1402 1818 1445 1851 G.
1565 1829 1621 1852 21.

268 1867 472 1910 γενομένου
497 1863 568 1897 CG.
690 1876 746 1898 22.
774 1865 979 1910 ἀπέχοντος
1002 1866 1074 1898 CG.
1197 1866 1257 1909 24.
1287 1864 1337 1904 ὥς
1360 1864 1442 1898 add.
1469 1864 1508 1898 C.

177 1956 240 1999 qni
266 1966 381 1987 rursus
409 1954 453 1987 de
473 1966 560 1999 pace
588 1956 694 1988 etiam
718 1968 796 1988 cum
822 1957 887 1988 illo
916 1957 999 2001 egit,
1027 1955 1183 1998 obsides,
1211 1967 1303 2002 quos
1328 1960 1412 1989 ante
1439 1954 1625 2000 promisis-

178 2007 243 2042 set,
268 2001 486 2034 redditurum
513 2014 549 2035 se
574 2004 749 2046 pollicens
771 2014 968 2049 pacemque
991 2015 1070 2037 cum
1099 2004 1263 2037 Romanis
1290 2003 1464 2047 integram
1491 2002 1529 2035 in
1556 2013 1626 2047 po-

178 2055 310 2081 sterum
337 2053 568 2082 servaturum.
618 2061 739 2082 verum
767 2050 855 2083 haec
879 2062 974 2083 mera
995 2056 1134 2084 tantum
1162 2051 1352 2096 promissa3
1375 2048 1517 2093 aggredi
1540 2059 1626 2081 nec-

177 2096 386 2141 opinantem
410 2095 570 2140 parabat.
601 2096 743 2141 iamque
767 2098 923 2131 Bolcano
952 2098 1120 2131 adversus
1144 2097 1340 2131 Iohannem
1364 2096 1626 2142 proficiscente,

178 2141 373 2175 monachus
401 2142 545 2188 quidam
578 2154 807 2187 praecurrens
846 2156 920 2177 rem
955 2144 1108 2178 Iohanni
1137 2144 1273 2177 indicat
1299 2142 1510 2187 hostemque
1536 2143 1625 2175 iam-

178 2191 250 2223 iam
284 2190 474 2222 adventare
499 2190 657 2223 affirmat.
708 2202 815 2236 quem
854 2192 918 2224 ille
953 2203 1031 2224 cum
1074 2191 1255 2225 stomacho
1291 2191 1463 2223 facessere
1494 2188 1558 2222 abs
1585 2201 1623 2222 se

179 2237 295 2277 iussit,
321 2242 361 2270 ut
385 2236 589 2270 mendacem
613 2248 653 2270 ac
677 2237 961 2280 fraudulentum3
987 2238 1049 2271 sed
1075 2250 1155 2271 mox
1182 2237 1287 2271 fidem
1311 2237 1439 2270 nuntio
1467 2247 1520 2268 res
1547 2236 1624 2281 ipsa

179 2283 333 2317 addidit.
395 2284 568 2317 Bolcanus
603 2285 697 2316 enim
722 2297 786 2330 per
819 2292 960 2319 noctem
984 2285 1166 2326 invadens,
1190 2285 1382 2330 plerosque
1406 2283 1560 2316 militum
1586 2284 1625 2316 in

178 2331 265 2375 ipsis
289 2331 409 2364 castris
437 2331 613 2373 concidit3
647 2331 739 2365 alios
763 2333 903 2377 trepida
937 2338 1078 2366 ruentes
1104 2333 1185 2376 fuga
1199 2332 1356 2364 fluminis
1381 2329 1474 2363 infra
1498 2329 1626 2363 laben-

179 2379 225 2411 tis
250 2378 368 2410 undae
405 2376 612 2411 hauserunt.
667 2379 729 2423 qui
764 2384 882 2412 autem
921 2380 1069 2413 fortiore
1103 2384 1204 2412 erant
1227 2374 1366 2419 animo,
1391 2376 1624 2411 tabernaculo

179 2424 351 2458 Iohannis
376 2430 563 2470 occupato,
589 2429 732 2458 strenue
756 2431 955 2470 pugnantes
981 2428 1097 2459 locum
1116 2427 1175 2460 vix
1199 2425 1427 2459 obtinebant.
1477 2425 1526 2457 sic
1550 2423 1624 2456 dis-

180 2472 303 2516 sipatis
330 2473 516 2505 maximam
542 2477 677 2517 partem
709 2473 884 2514 Romanis,
923 2474 1093 2507 Bolcanus
1120 2485 1198 2506 cum
1223 2473 1295 2505 suis
1320 2482 1491 2511 reversuS‚
1516 2481 1622 2514 supra

181 2520 309 2563 Zygum
333 2518 378 2552 ad
405 2518 684 2564 Sphentzanium
716 2520 886 2553 constitit.
945 2532 1036 2566 quos
1061 2520 1268 2565 conspicati,
1297 2519 1359 2565 qui
1386 2530 1463 2550 cum
1491 2516 1623 2551 lohan-

179 2577 225 2599 ne
251 2572 364 2606 erant,
389 2578 468 2599 cum
494 2577 642 2599 numero
668 2572 786 2600 essent
808 2567 935 2611 enguo
961 2579 1029 2600 nec
1061 2568 1171 2601 tantis
1197 2566 1352 2599 hostium
1377 2565 1487 2610 copiis
1511 2575 1623 2609 pares,

181 2618 277 2646 trans
305 2614 438 2646 flumen
463 2611 652 2646 recedendi
677 2613 866 2646 consilium
892 2619 1074 2658 ceperunt.
1099 2625 1171 2660 quo
1199 2613 1306 2654 facto,
1327 2612 1513 2656 Lipenium
1539 2622 1622 2655 per-

181 2661 355 2703 veniunt,
379 2660 568 2695 duodecim
596 2661 670 2695 sere
692 2660 806 2694 stadia
832 2660 916 2694 inde
940 2660 1086 2695 distans.
1135 2671 1286 2706 cumque
1311 2659 1492 2705 plerisque
1517 2657 1621 2691 amis-
