1754 3086
230 89 340 154 264
681 106 861 146 ΛΝΝΑΕ
913 106 1206 148 COMNENAE

223 207 333 248 οτῶν
370 205 499 259 ἁγίων
527 206 742 258 πατέρων,
783 203 968 256 μάλιστα
999 205 1044 246 δὲ
1079 207 1155 245 τοῦ
1187 202 1420 259 φιλοσόφου
1451 206 1677 263 ΠΙαξίμοῃ

221 274 295 313 καί
320 270 549 324 μάρτυρος.
606 269 851 312 ἐσπουδάκει
879 270 960 324 γὰρ
1000 271 1051 311 οὖ
1081 270 1275 312 τοσοῦτον
1301 267 1399 322 περὶ
1429 268 1502 318 τοὶς
1528 283 1654 323 φυσι-
1680 303 1695 326 Α,

220 335 296 385 κάς
324 335 587 389 συζητήσεις,
618 333 768 377 ὁπόσον
803 338 902 390 περί
925 333 974 376 τὰ
1006 335 1193 389 δόγματα
1211 367 1222 388 ,
1247 334 1320 390 τήν
1348 330 1476 383 ὅντως
1503 331 1656 389 σοφίαν

218 403 488 453 καρποῦσθαι
514 403 760 455 βουλομένη.
829 403 904 443 καί
925 416 996 453 μοι
1027 398 1221 448 πολλάκις
1250 400 1484 453 θαυμάζειν
1512 396 1651 455 ἐπῄει,
1686 392 1706 462 ξ

173 465 290 508 Duae
315 465 594 518 θαυμάζουσα
621 464 728 522 ε’φην
766 468 864 509 ποτὲ
889 465 992 543 πρὸς
1021 465 1151 520 αὖτην
1190 470 1217 491 “
1229 467 1316 514 πῶς
1345 464 1525 507 αὐτόθεν
1520 442 1709 541 νπρὸςῇ

214 533 410 574 τοσοῦτον
452 528 563 585 υψος
605 532 878 585 ἀπέβλεψαςς
913 529 1040 586 ἔγωγε
1080 532 1249 585 τρέμω,
1293 530 1366 572 καὶ
1394 527 1487 571 οὐδ’
1512 543 1691 584 ακροις

216 596 318 639 ω’σίν
348 598 574 651 α’ποτολμιὸ
601 597 757 639 τούτων
783 599 958 639 ἐπαΐειν.
1018 595 1062 638 τό
1092 595 1172 650 γὰρ
1199 594 1308 638 πάνυ
1326 594 1583 651 θεωρητικόν
1609 609 1656 637 τε

214 662 288 705 καὶ
316 661 458 717 νοερὸν
502 664 577 704 τοῦ
603 659 799 717 ξοῖνδρός,
835 659 892 711 ὥς
924 678 1077 717 φασιν,
1119 659 1272 716 ἴλιγγον
1299 664 1528 716 παρέχεται
1568 666 1654 710 τοῖς

214 725 606 783 οἷναγινώσκουσιν.”
661 727 686 783 ἦ
717 731 762 770 δὲ
791 729 1049 780 μηδιοὶσασα
1077 725 1158 783 ἔφη
1185 725 1434 782 (ιε’παινετὴν
1461 723 1553 767 οἶδα
1581 724 1654 780 τὴν
1694 782 1706 786 „

85 801 119 832 P.
140 800 200 846 148
215 793 372 837 δειλίαν
409 791 593 848 ταύτην·
659 794 731 835 καί
759 794 851 835 οὐδ’
882 791 988 848 αὕτη
1029 792 1216 847 ἀτρέμας
1243 798 1332 842 ταῖς
1359 793 1518 846 βίβλοις
1550 791 1651 832 ·rav'-
1669 795 1719 847 103

211 875 303 910 ταις
330 858 539 914 πρόσειμι.
610 858 701 900 ἀλλ’
730 855 845 911 ὅμως
889 858 1166 900 ἀποσπᾶσθαι
1193 857 1347 900 τούτων
1375 855 1422 899 οὗ
1456 856 1651 909 δύναμαι.

209 925 264 967 συ
298 926 344 967 δέ
365 939 439 977 μοι
465 924 615 979 μικρὸν
643 921 891 978 ἀνάμεινον,
935 924 1008 965 καί
1035 928 1127 972 ταῖς
1170 917 1314 973 ἄλλαις
1344 924 1562 978 ἐγκυψασα
1587 923 1653 975 βί·

208 994 326 1044 βλοις
353 987 574 1044 πρότερον,
604 992 676 1031 καί
701 991 773 1044 τῆς
797 991 953 1031 τούτων
972 986 1192 1043 οἷπογεύσει
1220 988 1463 1045 ἦδύτητος.”
1495 986 1653 1042 ἔτρωσέ

208 1070 291 1108 μου
322 1053 396 1108 τὴν
424 1056 600 1108 καρδίαν
629 1053 655 1108 ἦ
680 1057 763 1095 τῶν
794 1053 1004 1110 ῥηθέντων
1031 1053 1195 1110 μνήμη,
1225 1055 1296 1095 καί
1323 1051 1461 1108 ὥσπερ
1490 1054 1550 1101 εἷς
1580 1054 1652 1094 πέ-

210 1125 333 1174 λαγος
364 1115 501 1161 ἄλλων
529 1119 792 1175 διηγημάτων
821 1122 1084 1172 ἐμπέπτωκα.
1143 1119 1249 1162 α’λλά
1275 1135 1329 1172 με
1357 1117 1511 1172 θεσμὸς
1539 1110 1726 1169 Zoro-13,

211 1188 307 1240 ριάς
335 1187 543 1239 α’πείργει·
599 1184 721 1227 ἔνθεν
749 1200 809 1227 τοι
841 1185 913 1227 καί
937 1184 1042 1240 πρὸς
1067 1183 1118 1227 τοὶ
1138 1184 1242 1226 κατὰ
1271 1183 1344 1226 τὸν
1363 1182 1524 1228 Ἰταλὸν
1555 1186 1654 1226 α’να-

209 1252 394 1305 τρεχέτω
422 1250 442 1292 ὅ
472 1249 603 1305 λόγος.
673 1253 718 1293 ἑν
745 1249 910 1299 τούτοις
938 1245 1012 1293 οὖν
1050 1256 1136 1300 τοῖς
1166 1247 1328 1293 ἄνωθεν
1355 1250 1547 1307 ῥηθεῖσιν
1575 1249 1655 1291 αὕ-

184 1347 187 1350 >
209 1319 288 1358 τοῦ
312 1319 527 1372 μαθηταῖς
554 1314 753 1368 α’κμάζων
781 1315 802 1358 ὃ
821 1316 988 1369 Ἰταλός,
1015 1318 1119 1358 πᾶσι
1135 1318 1504 1372 καταφρονητικῶς
1529 1331 1656 1370 προσ·

172 1383 410 1438 Βεφὲρετο,
453 1381 552 1430 τους
592 1380 769 1430 πολλοὺς
792 1383 874 1424 τῶν
914 1381 1102 1436 α’νοήτων
1128 1380 1232 1437 πρὸς
1257 1384 1479 1435 α’νταρσίας
1506 1382 1654 1423 ‹ivam-

211 1449 296 1490 νῶν
328 1446 402 1488 καί
427 1445 656 1502 τυράννους
682 1448 729 1488 ἐκ
762 1449 843 1489 τῶν
868 1449 1029 1489 οἰκείων
1047 1449 1249 1501 μαθητῶν
1278 1447 1353 1488 οὐκ
1369 1446 1533 1501 ὀλίγους
1553 1446 1733 1494 ἄπο-2ος

212 1512 445 1561 καθιστάς.“
486 1513 558 1553 καί
587 1508 701 1566 εἶχον
728 1511 905 1560 πολλοὺς
928 1514 1201 1568 προσφέρειν,
1231 1515 1272 1555 εἰ
1298 1512 1356 1568 μή
1388 1512 1409 1555 ὃ
1432 1510 1584 1568 χρόνος
1601 1527 1655 1564 με
1725 1511 1728 1522 ⁵

212 1575 290 1632 την
314 1578 483 1633 μνήμην
519 1576 729 1634 ἀφείλετο.
798 1576 905 1621 α’λλὰ
943 1580 1074 1621 ταῦτα
1101 1580 1179 1632 μὲν
1205 1574 1313 1634 ἦσαν
1342 1577 1424 1634 πρὸ
1451 1580 1526 1620 τοῦ
1554 1579 1655 1620 α’να-

305 1713 341 1745 6.
365 1710 577 1767 ἅπέβλεψας
601 1712 653 1754 G,
675 1713 874 1759 ἐπίβλεψας
896 1713 933 1747 Ρ.
1033 1714 1084 1747 15.
1110 1711 1230 1748 ἄλλων
1257 1712 1304 1754 C,
1333 1710 1416 1748 αλλο
1434 1713 1505 1746 PG.
1605 1715 1657 1748 18.

301 1755 477 1798 Ἰταλικὸς
499 1760 542 1793 G
663 1772 714 1805 19.
745 1760 948 1808 ἀνταρσίας
963 1759 1013 1802 A,
1037 1759 1244 1806 αὖταρσίας
1267 1759 1335 1793 PG.
1451 1771 1506 1795 20.
1529 1763 1658 1806 μαθη-

305 1806 380 1843 τῶν
398 1807 448 1849 A,
472 1805 708 1854 μαθημάτων
732 1807 804 1841 PG.
927 1817 983 1840 22.
1007 1807 1182 1855 μγὴμηνε
1202 1808 1322 1850 λύπην
1343 1806 1384 1840 A.

211 1920 420 1966 praesertim
453 1920 600 1953 Maximi
638 1920 847 1966 philosophi
881 1925 989 1975 atque
1037 1921 1222 1964 martyris,
1263 1931 1370 1966 opera
1405 1924 1653 1965 pertractasse.

213 1967 463 2000 delectabatur
486 1968 582 2000 enim
605 1979 678 2001 non
704 1973 777 2001 tam
794 1969 1047 2023 quaestionum
1070 1968 1297 2008 naturalium,
1323 1977 1426 2012 quam
1453 1967 1655 2011 dogmatum
1708 1971 1719 1982 ‘

212 2014 518 2058 perscrutatione,
554 2025 675 2047 veram
714 2015 925 2059 sapientiam
952 2016 1136 2060 percipere
1162 2015 1319 2059 cupiens.
1357 2025 1398 2046 ac
1437 2025 1543 2058 saepe
1567 2014 1658 2046 hanc

212 2059 398 2100 admirata,
424 2060 620 2105 aliquando
646 2067 668 2082 ⁴‘
681 2062 780 2106 quid,
804 2061 1021 2107 inquiebam,
1039 2067 1168 2107 sponte
1185 2061 1341 2093 animum
1356 2059 1402 2092 ad
1420 2065 1554 2093 tantam
1572 2059 1658 2094 sub-

213 2108 405 2140 limitatem
424 2106 613 2141 adiecisti.
640 2108 808 2153 equidem
827 2114 953 2150 tremo,
974 2121 1013 2142 ac
1039 2120 1086 2142 ne
1105 2109 1248 2142 summis
1263 2107 1408 2152 quidem
1427 2107 1572 2140 auribus
1591 2108 1659 2140 ista

213 2154 400 2198 percipere
427 2153 557 2187 audeo.
594 2166 676 2188 nam
701 2156 979 2200 contemplativa
1012 2155 1074 2188 illa
1110 2161 1147 2188 et
1180 2154 1321 2188 subtilis
1360 2154 1468 2198 plane
1504 2153 1661 2187 hominis

214 2201 329 2233 oratio
353 2201 562 2245 vertiginem
577 2226 586 2242 ‚
625 2207 666 2235 ut
688 2202 811 2243 aiunt,
847 2205 949 2236 affert
973 2202 1184 2247 legentibus.
1190 2205 1207 2216 '¹
1233 2201 1277 2234 ad
1302 2200 1391 2233 haec
1415 2200 1573 2234 arridens
1597 2201 1659 2233 illa

215 2245 484 2288 “laudabilem,
521 2247 661 2292 inquit,
695 2255 830 2282 metum
855 2250 963 2283 istum
1002 2250 1099 2303 δαῖος
1140 2259 1257 2293 neque
1298 2248 1377 2292 ipsa
1403 2249 1480 2280 sine
1505 2253 1659 2280 tremore

217 2293 264 2326 ad
289 2293 400 2327 libros
428 2293 493 2327 hos
532 2294 674 2328 accedo.
719 2301 840 2330 tamen
866 2296 972 2330 avelli
997 2296 1041 2328 ab
1068 2296 1111 2328 iis
1135 2305 1290 2340 nequeo.
1319 2300 1358 2327 tu
1386 2304 1470 2327 vero
1495 2299 1659 2339 exspecta

216 2341 431 2385 paullisper:
454 2339 518 2373 ubi
543 2347 679 2375 ceteros
703 2343 802 2387 prius
827 2343 940 2376 libros
963 2342 1148 2387 cognoris,
1171 2342 1277 2375 etiam
1299 2340 1427 2373 horum
1451 2342 1660 2375 suavitatem

217 2387 424 2432 percipies?
462 2388 637 2432 percussit
659 2388 747 2421 mihi
786 2400 847 2422 cor
879 2390 1005 2422 horum
1042 2389 1213 2423 memoria
1249 2387 1447 2428 dictorum,
1486 2393 1522 2421 et
1560 2388 1660 2432 quasi

218 2435 255 2466 in
280 2435 427 2467 aliarum
452 2445 568 2468 rerum
593 2435 846 2469 narrandarum
870 2437 1016 2491 pelagus
1053 2435 1175 2469 incidi.
1201 2435 1263 2468 sed
1287 2433 1432 2468 cohibet
1456 2434 1514 2467 lex
1543 2433 1661 2467 histo-

218 2481 316 2523 riae;
356 2486 574 2527 quapropter
607 2481 652 2514 ad
688 2482 818 2515 Italum
847 2483 961 2516 oratio
996 2483 1131 2516 redeat.
1155 2483 1183 2515 is
1201 2482 1309 2526 igitur
1330 2492 1408 2514 cum
1437 2481 1531 2514 inter
1553 2481 1660 2522 illos,

218 2539 308 2573 quos
344 2528 442 2567 dixi,
469 2527 665 2574 discipulos
698 2539 859 2573 regnans,
884 2540 1006 2562 omnes
1031 2541 1096 2574 per
1121 2534 1339 2562 contemtum
1371 2533 1550 2567 tractaret,
1582 2527 1660 2572 ple-

218 2586 347 2619 rosque
372 2552 465 2607 male
490 2585 654 2609 sanorum
674 2575 719 2608 ad
737 2575 972 2609 rebellionem
991 2577 1193 2615 concitavit,
1217 2581 1458 2620 tyrannosque
1484 2585 1527 2607 ex
1548 2574 1660 2619 ipsius

219 2621 404 2666 discipulis
442 2633 515 2655 non
549 2632 681 2668 paucos
706 2621 878 2663 reddidit,
910 2633 1061 2669 quorum
1086 2623 1230 2668 quidem
1252 2622 1382 2655 multos
1411 2621 1551 2654 adferre
1577 2631 1661 2673 pos-

219 2679 309 2702 sem.
349 2669 416 2702 nisi
451 2669 656 2703 memoriam
682 2674 821 2715 tempus
849 2668 1047 2704 delevisset
1090 2669 1151 2703 sed
1176 2669 1265 2703 haec
1289 2667 1517 2709 acciderunt,
1542 2667 1658 2713 prius-
