1754 3086
232 99 336 153 2-62
683 112 862 154 ANNAE
900 111 1191 153 coMNENAss

222 214 344 266 μόνον
373 211 447 254 ουίι
474 209 739 266 ἀφιλόσοφον
768 206 899 263 εἶχεν,
930 206 994 250 ὅτι
1026 207 1130 261 μετὰ
1160 206 1236 261 τὴν
1270 207 1427 262 πληγὴν
1465 211 1656 261 κατελίμ-

220 295 346 320 πανεν
374 279 520 319 τοῦτον
546 275 568 318 ὃ
595 273 756 329 θυμός,
784 275 856 317 καί
880 273 925 317 τὸ
958 273 1141 328 δάκρυον
1167 270 1477 327 κατελάμβανε,
1505 276 1578 316 καί
1598 276 1660 323 εἰς,
1700 284 1714 299 ·⁷

219 343 411 397 λαμπρὸν
427 339 657 395 μετάμελον
676 337 838 396 ἤρχετο,
868 342 907 383 εἰ
923 341 970 381 δέ
984 355 1041 396 τῳ
1062 340 1183 395 φίλον
1203 340 1276 379 καί
1293 340 1390 393 περὶ
1415 340 1489 392 τῆς
1518 334 1669 392 ὅψεως4

217 409 352 451 αὕτοῦ
379 411 546 461 μαθεῖν,
575 407 733 462 μεγάλη
760 409 838 460 μὲν
867 406 1000 447 αὐτοῦ
1022 402 1047 459 ἦ
1071 402 1249 460 κεφαλή,
1271 403 1317 446 τὸ
1339 407 1526 457 μέτωπον
1553 420 1667 460 προ-,
1698 427 1719 450 4

215 475 483 526 πετὲστατον,
524 471 745 528 πρόσωπον
794 472 1005 528 ἐμφανές,
1035 470 1106 511 καί
1128 469 1149 510 ὅ
1178 469 1338 525 μυκτὴρ
1366 469 1588 523 ἐλεύθερόν
1611 470 1724 541 τεῦᾖὶ

215 537 288 579 καί
318 533 458 580 ἄνετον
488 540 659 580 α’πέπνει
699 536 772 579 τὸν
813 538 945 591 ἀέρα,
976 533 1048 576 καί
1084 533 1310 590 περιφερὴς
1340 534 1362 576 ὅ
1391 535 1565 589 πώγων,
1602 534 1654 578 τὰ
1708 546 1715 566 2

213 605 366 658 στέρνα
397 601 524 659 stipsis·
552 603 625 645 καί
651 601 835 657 εὐπαγὴς
860 601 910 644 ui
940 603 1045 655 μέλη
1074 601 1148 642 τοῦ
1175 600 1380 655 σώματος,
1409 599 1484 655 τὴν
1511 602 1557 642 δὲ
1583 603 1656 656 τῆς
1714 617 1716 619 ’

211 667 375 723 ἡλικίας
411 667 656 724 ἀναδρομὴν
694 670 778 710 τῶν
805 669 1119 721 εὖμηκεστέρων
1154 664 1306 721 ἥττων,
1335 666 1408 721 τὴν
1437 668 1484 708 δὲ
1508 664 1655 722 φωνήν
1713 671 1720 715 J

211 737 411 788 τοιοῦτος,
440 731 525 783 οἷος
554 731 607 776 ἂν
626 732 708 775 α’πὸ
738 736 818 775 τῶν
831 732 1032 775 Λατίνων
1052 731 1269 787 ἐληλυθώς
1295 730 1460 780 νεανίας
1491 733 1551 781 εἰς
1577 731 1654 786 τὴν

169 799 429 855 Βῆμεδαπὴν
454 802 551 855 γῆν,
590 798 641 842 τά
664 797 865 854 Ἑλλήνων
897 799 976 851 μὲν
1004 796 1205 850 ἐκμάθοι,
1234 797 1285 838 οὔ
1312 797 1419 838 πάνυ
1448 797 1495 838 δὲ
1520 801 1656 838 καθα·
1671 812 1722 844 ια

210 864 391 919 ριεύοιτο
414 864 489 920 τήν
517 864 677 920 φωνήν·
735 865 823 906 ἀλλ’
852 862 966 905 ἔστιν
994 857 1045 904 οὗ
1072 863 1146 904 καί
1172 863 1433 916 κολοβαίτερα
1461 864 1655 919 ἐκφέρειν

210 930 286 979 τοὶς
313 929 542 983 συλλαβάς.
600 930 689 972 ἀλλ’
719 924 815 971 οὔτε
843 931 889 970 τὸ
919 929 994 970 τοῦ
1031 927 1239 982 στόματος
1270 928 1346 969 οὐκ
1373 928 1530 982 εὐαγές,
1557 923 1654 969 οὕτε

211 994 258 1037 τὸ
289 997 349 1044 εἰς
377 993 503 1051 ἄκρον
538 992 710 1052 ἄφωνον
752 994 959 1037 ἐλάνθανε
988 994 1084 1043 τοὺς
1108 994 1312 1048 πολλούς,
1340 999 1424 1044 τοῖς
1453 995 1499 1035 δὲ
1529 993 1654 1050 ῥητο-

210 1064 445 1116 ρικωτέροις
477 1062 726 1115 οἶγροικίζων
757 1058 1101 1114 κατελαμβάνετο.
1129 1059 1249 1101 ἔνθεν
1278 1075 1341 1102 τοι
1369 1061 1441 1101 καὶ
1466 1058 1520 1101 τὰ
1553 1075 1654 1113 συγ-

209 1129 436 1182 γράμματα
476 1126 627 1168 τούτου
656 1129 930 1182 συνέσφιγκτο
970 1128 1048 1179 μὲν
1080 1124 1373 1179 ἁπανταχόθεν
1399 1131 1486 1174 τοῖς
1514 1117 1728 1182 &cais-‘1⁵2

209 1198 362 1241 κτικοῖς
388 1191 543 1242 τόποις,
573 1194 823 1243 ἀσυνταξίας
852 1193 899 1232 δὲ
933 1193 1083 1232 κακίαν
1112 1190 1183 1232 καί
1201 1189 1467 1244 σολοικισμὸν
1496 1189 1654 1246 σπορά-

210 1258 286 1312 δην
314 1258 604 1313 διερριμμένου
630 1255 897 1300 παντάπασιν
926 1254 1003 1297 οὔκ
1034 1259 1262 1312 ἑξέφευγεν.

79 1337 114 1369 1².
135 1341 194 1381 ¹47
321 1341 363 1380 9.
425 1319 560 1373 Οὗτος
584 1326 722 1366 τοίνυν
746 1321 1062 1378 προκαθήμενος
1086 1323 1340 1379 φιλοσοφίας
1369 1320 1559 1378 ἁπάσης,
1585 1323 1659 1365 καὶ

210 1387 468 1444 συρρεούσης
495 1392 556 1438 εἰς
581 1388 710 1431 αὐτὸν
741 1392 814 1443 τῆς
841 1390 1043 1443 νεότητος,
1078 1390 1171 1444 (καί
1196 1387 1278 1442 γὰρ
1308 1386 1357 1430 τά
1383 1404 1429 1430 τε
1459 1387 1657 1444 Πρόκλου

209 1453 285 1498 καί
309 1453 541 1504 Πλάτωνος
570 1455 641 1496 καί
666 1453 717 1496 τὰ
748 1452 994 1510 φιλοσόφων
1036 1449 1195 1510 ἇμφοῖν
1224 1453 1484 1510 Πορφυρίου
1512 1469 1558 1495 τε
1586 1452 1735 1508 καίαω;’

307 1564 334 1586 ι.
362 1550 428 1587 οὔκ
469 1564 534 1586 om.
560 1553 608 1595 C,
634 1552 684 1591 ὥς
707 1553 782 1586 AG.
907 1555 1176 1600 κατελίμπανεν
1201 1553 1288 1594 AG,
1315 1554 1594 1601 καταλίμπανεν
1617 1555 1655 1587 Ρ.

301 1610 332 1632 2.
358 1600 488 1635 τοῦτον
506 1613 513 1633 :
535 1595 648 1637 αὐτὸν
668 1600 743 1633 AG.
859 1601 909 1637 εἰς
930 1599 1135 1647 μετάληψιν
1164 1599 1294 1646 ἤρχετο
1318 1601 1357 1633 Α.
1478 1602 1509 1634 5.
1532 1603 1652 1635 malim

299 1641 341 1680 τὸ
366 1645 584 1692 πρόσωπον.
703 1648 736 1680 6.
761 1645 912 1681 ἐπέπνει
939 1646 975 1680 C.
1095 1649 1127 1682 8.
1153 1645 1433 1693 εὐμηκεστάτων
1455 1647 1527 1681 CG.
1619 1661 1654 1694 9.

297 1693 465 1732 τοιοῦτος
493 1693 537 1736 ἦν
561 1695 599 1727 Α.
719 1703 772 1727 ιο.
796 1690 837 1731 ὃς
861 1689 906 1727 τὰ
929 1693 970 1726 Δ.
1084 1693 1205 1740 μάθοι
1229 1694 1268 1727 A.
1393 1694 1654 1742 καθαριεύοιτο

297 1742 338 1773 τί
358 1736 424 1782 τὴν
450 1741 495 1782 Ρ,
519 1743 556 1774 τί
578 1752 648 1774 om.
676 1739 762 1781 AG,
786 1739 1006 1787 καθαριεύει
1031 1740 1069 1773 C.
1182 1752 1231 1774 ιι.
1256 1742 1502 1787 κολοβωτέρας
1525 1743 1568 1783 Ρ,
1592 1754 1655 1778 κο-

300 1786 503 1833 λοβώτερος
527 1787 580 1830 G,
603 1786 835 1833 κολοβώτερα
858 1788 897 1820 Α.
1015 1788 1167 1833 ἐκφέροι
1193 1787 1243 1828 Α,
1268 1789 1417 1834 ἐκφέρει
1442 1788 1480 1822 C.
1603 1800 1652 1822 ια.

298 1832 366 1867 οὐκ
391 1846 458 1866 om.
482 1833 556 1867 AG.
656 1834 707 1866 13.
731 1833 849 1880 ἄκρου
873 1833 915 1867 G.
1025 1836 1075 1879 ¹4·
1101 1834 1323 1881 ἅγροικίζειν
1348 1835 1388 1868 G.
1487 1837 1538 1870 15.
1565 1843 1654 1871 συν-

298 1882 456 1926 έσφικτο
483 1882 515 1914 Ρ.
670 1880 894 1923 διαλεκτικῆς
914 1881 955 1915 Δ.
1094 1882 1145 1916 16.
1181 1881 1221 1916 δὲ
1246 1884 1310 1916 καὶ
1330 1884 1466 1918 κακίαν
1490 1882 1568 1924 PG,
1589 1886 1653 1918 καὶ

299 1937 368 1959 om.
391 1928 430 1960 Α.
536 1938 587 1973 ¹7·
613 1926 797 1974 ἐξέφυγον
822 1928 865 1961 G.
977 1938 1031 1960 20·
1058 1923 1104 1962 τὰ
1127 1938 1196 1961 om.
1221 1928 1260 1961 A.

204 2016 382 2058 mitteret,
418 2017 628 2063 obortisque
665 2018 820 2052 lacrimis
856 2019 1119 2064 poenitentiam
1149 2018 1379 2064 profiteretur
1415 2019 1650 2052 manifestam.

204 2063 334 2108 quodsi
365 2065 444 2109 quis
475 2065 581 2098 etiam
609 2065 757 2109 figuram
790 2065 945 2099 hominis
975 2077 1079 2099 nosse
1103 2067 1222 2110 cupit:
1251 2075 1415 2110 magnum
1441 2066 1512 2110 ipsi
1531 2072 1651 2111 caput,

205 2110 304 2143 frons
335 2111 525 2144 admodum
553 2113 771 2156 prominens,
813 2112 922 2145 facies
959 2118 1082 2157 aperta
1116 2118 1216 2155 erat3
1252 2124 1358 2145 nasus
1392 2111 1508 2145 libere
1544 2113 1651 2157 spiri-

201 2162 279 2190 tum
313 2158 512 2191 emittebat.
539 2157 650 2191 barba
680 2159 852 2200 rotunda,
876 2164 1000 2204 pectus
1025 2159 1148 2200 latum,
1174 2159 1332 2192 membra
1358 2159 1514 2204 corporis
1537 2159 1650 2200 firma,

199 2208 336 2237 statura
361 2205 623 2250 procerioribus
647 2207 774 2239 minor.
804 2206 1052 2251 pronuntiatio
1067 2206 1151 2239 talis
1188 2211 1282 2247 erat,
1308 2205 1427 2251 qualis
1454 2205 1650 2251 exspectari

198 2255 341 2295 poterat
378 2250 424 2284 ab
462 2262 527 2294 eo,
565 2253 628 2297 qui
657 2252 865 2291 adolescens
910 2264 929 2286 e
957 2253 1093 2286 Latinis
1139 2252 1210 2285 huc
1246 2258 1479 2297 pervenerat:
1524 2263 1650 2297 graeca

199 2297 347 2341 quidem
371 2298 531 2343 perfecte
555 2299 724 2340 tenebat,
749 2299 813 2333 sed
838 2310 913 2333 non
948 2300 992 2332 ab
1028 2299 1125 2333 omni
1160 2304 1262 2343 parte
1297 2298 1483 2333 emendata
1518 2298 1649 2332 uteba·
1752 2327 1754 2347 4

197 2350 258 2376 tur
288 2346 606 2389 pronuntiatione3
642 2347 730 2392 quin
764 2357 1023 2392 nonnunquam
1062 2346 1246 2379 obscurius
1281 2345 1452 2379 efferebat
1479 2345 1650 2390 syllabas.

199 2401 294 2434 quae
312 2391 420 2436 plane
446 2392 576 2426 vitiosa
599 2393 857 2437 pronuntiandi
888 2393 981 2427 ratio
1018 2397 1058 2426 ut
1081 2392 1349 2426 multitudinem
1373 2390 1471 2426 haud
1498 2392 1647 2434 latebat,

196 2438 246 2469 ita
282 2438 368 2471 artis
410 2437 554 2472 dicendi
593 2440 785 2484 peritiores
822 2450 902 2472 eum
927 2444 968 2473 ut
1002 2440 1130 2472 rustice
1158 2439 1369 2484 loquentem
1405 2438 1647 2485 reprehende-

198 2483 297 2517 bant.
330 2484 457 2530 itaque
482 2486 614 2532 scripta
642 2487 718 2519 eius
750 2486 943 2520 constricta
969 2486 1115 2531 quidem
1137 2486 1299 2532 undique
1325 2492 1428 2520 eraut
1450 2484 1541 2519 locis
1569 2486 1646 2519 dia-

194 2530 356 2572 lecticis,
392 2532 553 2566 'ceterum
577 2543 706 2579 pravae
736 2533 1005 2578 compositionis
1033 2533 1118 2566 vitia
1142 2543 1183 2566 ac
1207 2533 1406 2567 soloecismi
1433 2533 1562 2578 passim
1588 2532 1646 2565 of-

193 2577 402 2612 fendebant.

285 2635 320 2668 9.
368 2625 435 2658 Hic
458 2626 566 2670 igitur
590 2635 668 2661 eum
692 2626 878 2660 universae
902 2626 1155 2671 philosophiae
1172 2626 1394 2671 praepositus
1414 2630 1509 2659 esset
1532 2627 1642 2669 alque

196 2668 238 2702 ad
270 2683 348 2707 eum
383 2672 549 2708 iuventus
578 2672 797 2718 conflueret,
829 2674 998 2720 (namque
1025 2673 1187 2707 Prot-lum
1226 2678 1262 2708 et
1287 2673 1471 2710 Platonem
1496 2677 1532 2706 et
1558 2672 1642 2717 phi-
