1754 3086
199 130 232 167 X
636 125 895 167 LUDOVICI
935 125 1198 167 SCHOPENI

201 224 272 282 {it7
302 221 416 268 odio
445 221 670 283 implevit.
706 222 796 267 Res
823 221 933 267 satis
968 230 1083 266 nota
1102 229 1172 265 est
1189 237 1296 266 eum
1330 235 1384 266 ex
1423 220 1495 281 iis,
1525 237 1648 283 quae

200 306 249 351 in
283 305 455 367 Syllog.
500 304 645 366 Epist.
680 304 840 349 Burm.
874 303 1010 348 Tom.
1036 303 1107 348 Ill.
1154 320 1200 364 p.
1240 306 1347 348 175.
1387 304 1506 350 179-
1539 305 1645 350 186.

204 388 311 433 192.
337 403 445 448 sqq.
470 395 516 431 et
541 387 647 431 575.
686 394 956 446 narrantur,
990 395 1090 430 tum
1125 401 1238 430 vero
1273 385 1415 431 ctiam
1451 402 1506 431 ex
1537 385 1649 448 Epi-

200 469 322 515 stola
358 468 620 528 Gronovii9
655 467 717 513 ad
734 468 839 513 Ant.
865 466 1182 513 Clementium
1217 484 1259 512 a.
1283 467 1423 514 1656.
1457 466 1567 514 data
1601 477 1648 513 et

195 551 326 597 libro
363 550 423 596 de
468 550 704 596 Sestertiis
754 551 1020 596 subiuncta.
1111 550 1164 596 In
1215 566 1269 595 ea
1318 549 1536 612 Epistola.
1578 550 1649 596 vir

197 634 628 696 praestantissimus
671 633 794 679 haec
825 633 1015 693 scribit,
1057 650 1104 695 p.
1137 633 1274 678 681.:
1313 632 1493 692 „Narro
1529 633 1646 688 tibi,

197 726 276 761 me
312 717 493 762 Romae
527 716 703 778 partim
736 731 872 776 mea,
906 715 1081 777 partim
1118 714 1268 760 multo
1305 730 1421 761 auro
1452 712 1647 760 redem—

198 807 282 860 pta
327 815 475 844 manu
521 798 824 860 descripsisse
867 796 1114 843 Alexiades
1147 796 1313 842 Annae
1349 795 1648 857 comnenae,

199 889 247 926 et
281 882 396 943 quia
430 879 719 927 mendosum
756 889 855 926 erat
889 881 1162 943 exemplar,
1198 895 1308 925 cum
1343 879 1646 940 Florentino,

198 963 262 1007 ob
297 962 425 1008 hanc
456 962 608 1025 ipsam
653 979 843 1009 eausam
886 963 937 1008 in
973 979 1078 1008 eam
1125 963 1325 1023 urbem,
1368 978 1516 1024 quam
1550 962 1644 1008 iam

195 1044 438 1106 videram,
492 1061 734 1090 reversum
783 1045 1054 1090 contulisse.
1135 1045 1263 1091 Fecit
1304 1043 1436 1090 idem
1481 1053 1649 1106 postea

197 1128 396 1173 otiosius
441 1128 589 1173 Lucas
633 1127 934 1188 Holstenius‚
986 1143 1042 1173 ex
1089 1127 1221 1173 euius
1269 1125 1438 1173 codiee
1483 1143 1647 1173 meum

196 1211 468 1273 exemplum
501 1226 795 1272 paraveram,
827 1218 874 1255 et
904 1210 941 1255 si
979 1208 1121 1256 edere
1157 1210 1345 1270 vellem,
1379 1210 1513 1255 illum
1549 1209 1644 1255 iam

197 1291 581 1337 emendatiorem
627 1292 836 1354 benigne
881 1292 1068 1337 obtulit.
1138 1292 1249 1338 Erat
1290 1300 1395 1337 tum
1430 1291 1482 1337 in
1516 1291 1646 1337 Italia

190 1375 292 1423 Nic.
313 1375 554 1435 Heinsius,
591 1384 638 1421 et
668 1390 777 1422 cum
812 1375 1008 1420 sarcinis
1042 1374 1263 1435 librariis,
1299 1390 1418 1437 quas
1435 1373 1646 1420 Venetiis

193 1457 433 1518 mittebat,
468 1457 670 1504 curandi
706 1456 767 1503 ad
796 1475 876 1504 me
910 1457 1120 1503 studium
1152 1457 1482 1519 pollicebatur.
1549 1454 1646 1502 Sed

186 1557 292 1602 non
343 1541 503 1603 potuit
552 1540 717 1587 induci
762 1540 1062 1600 Holstenius‚
1111 1548 1164 1585 ut
1214 1555 1324 1583 eum
1367 1538 1646 1584 thesaurum

160 1659 162 1661 .
192 1622 314 1667 mari
350 1622 699 1669 committeret:
734 1622 969 1668 terrestris
1002 1622 1077 1667 via
1111 1621 1275 1684 potior
1307 1621 1419 1667 visa.
1491 1621 1646 1666 Inter-

192 1713 361 1766 ceptus
410 1714 480 1750 est
514 1705 636 1751 liber
674 1705 725 1751 in
758 1704 936 1765 Gallia,
977 1703 1276 1767 traditusque
1325 1704 1377 1749 P.
1409 1702 1642 1750 Possin0>

189 1794 246 1831 ut
278 1794 483 1832 verteret
512 1803 567 1832 ac
599 1787 881 1848 publicaret.
952 1786 1004 1832 Id
1041 1802 1310 1850 quum.per
1332 1785 1492 1830 literas
1514 1782 1645 1830 indi-

195 1877 346 1913 casset
379 1868 499 1914 mihi
539 1867 863 1931 Crameysius,
907 1868 1138 1932 respondi
1181 1885 1269 1914 nos
1306 1883 1475 1913 omnes
1507 1866 1644 1912 bono

192 1951 389 2012 publico
422 1950 640 2013 profiteri
685 1968 906 2014 operam:
954 1968 1050 2014 qua
1093 1951 1143 1996 in
1178 1966 1228 1996 re
1271 1950 1310 1995 si
1344 1949 1462 1994 alius
1495 1947 1640 1993 alium

195 2041 537 2093 anteverteret,
570 2050 673 2079 non
708 2034 970 2079 simultates
1003 2030 1345 2095 suscipiendas,
1375 2028 1460 2076 sed
1489 2037 1644 2092 grates

192 2114 425 2177 agendas9
477 2115 612 2178 quod
664 2117 829 2162 labore
890 2115 1119 2162 sublevati
1178 2129 1414 2159 essemus:
1467 2111 1638 2174 utique

192 2198 309 2258 illis,
348 2214 435 2260 qus
449 2214 555 2243 rum
592 2216 691 2244 non
726 2199 1074 2262 restringuntur
1107 2198 1232 2243 intra
1278 2203 1529 2258 angustum
1560 2209 1646 2238 eo—

195 2280 331 2342 piae9
367 2290 414 2325 et
446 2290 591 2326 restat
620 2282 731 2327 satis
743 2317 758 2342 9
793 2283 843 2327 in
882 2298 979 2344 quo
1028 2279 1219 2326 laudem
1257 2293 1492 2340 occupare
1525 2291 1642 2338 pos-

193 2360 390 2409 simusf‘
458 2363 522 2409 Ex
556 2363 630 2409 his
665 2364 822 2409 verbis
854 2363 971 2409 illud
1005 2363 1144 2408 simul
1180 2360 1481 2422 intelligitur,
1512 2357 1645 2419 Apo-

189 2445 430 2507 graphum
467 2446 855 2507 Gronovianum,
892 2447 967 2492 cui
1003 2461 1063 2492 ne
1097 2444 1193 2490 ulla
1229 2442 1428 2506 quidem
1463 2439 1645 2497 notula,

191 2527 324 2572 unde
355 2529 549 2590 originis
574 2529 795 2574 notitiam
817 2528 1025 2588 baurim,
1063 2525 1301 2588 adscripta
1318 2532 1404 2584 est,
1427 2538 1483 2568 ex
1515 2520 1643 2567 duo-

191 2609 281 2653 bus
316 2609 564 2657 codicibus
598 2620 818 2674 paratum
839 2627 953 2656 esse.
992 2609 1215 2668 Quorum
1236 2606 1436 2669 quidem
1471 2618 1641 2660 unum,

194 2688 519 2740 Florentinum
556 2693 684 2754 dico,
702 2691 964 2740 Bandinius
986 2691 1038 2738 in
1057 2689 1280 2750 Catalogo
1300 2684 1453 2734 Codd.
1474 2684 1643 2732 Graec-
