1754 3086
638 172 952 213 PRAEFATIO.
1331 168 1492 209 XXXIX

15 275 113 341 ‘ac
137 289 314 342 sepositis
341 298 450 342 quae
482 285 525 326 in
561 286 745 326 manibus
775 297 889 326 erant
913 287 1068 336 ametis,
1096 294 1198 327 totus
1221 283 1281 327 ad
1303 285 1496 325 exhauri-

35 343 39 362 Γ
61 361 201 403 endum
225 366 362 399 tantae
388 357 619 398 autoritatis
641 356 880 398 mandatum
910 357 1083 398 incubui.
1123 357 1190 397 Ae
1210 357 1412 411 principio
1438 356 1496 396 sic

58 432 354 472 constanter-am.-
382 429 460 469 duo
478 441 562 468 esse
583 429 808 484 praecipua
839 429 882 467 in
911 429 1051 483 quibus
1068 429 1274 468 elaborare
1292 442 1352 467 me
1376 440 1497 482 opor-

20 503 38 526 Ὗ
60 510 164 544 teoet.
219 515 316 541 nam
355 508 395 540 et
410 500 652 551 faciendum
680 513 759 540 esse
774 529 790 547 ,
833 509 875 541 ut
907 500 1104 539 Graecum
1141 500 1354 554 exemplar
1372 512 1498 555 quam

38 579 39 582 ’
59 572 411 615 mendacissimum
440 574 580 621 exiret,
609 579 692 611 tum
709 571 970 611 annitendum
992 580 1146 625 postea,
1176 581 1220 610 ut
1244 586 1344 625 quae
1370 586 1425 611 ex
1451 583 1499 611 eo

40 645 352 699 ½oeprimeretur
380 642 530 681 Latina
560 643 715 694 versio,
744 655 881 682 veram
910 643 1080 683 Autoris
1109 643 1335 681 sententiam
1362 642 1498 682 rectis·

56 708 154 757 'eim
181 722 464 769 assequeretur,
487 713 801 769 planissimeque
828 713 1019 754 redderet.
1053 714 1233 768 Quarum
1254 726 1385 752 rerum
1412 727 1498 752 cum

58 786 103 827 ’ἡ
127 786 225 826 ordo
242 794 496 841 comparatus
520 792 673 825 natura
701 786 766 835 sit,
787 794 830 824 ut
846 786 959 824 illam
982 786 1072 825 lua'c
1088 786 1295 840 praeverti
1318 785 1369 824 sit
1393 796 1499 839 opus,

60 857 286 912 appellenti
324 857 422 895 milii
455 855 514 895 ad
531 857 709 911 priorem
736 856 910 895 animum
926 886 939 908 ,
978 856 1272 910 experientique
1309 869 1471 910 operam
1485 885 1498 905 ,

58 929 196 983 gravis
221 941 308 966 ecce
330 928 468 982 primo
498 925 746 979 difficultatis
774 927 910 967 oborta
933 929 1092 983 species,
1118 927 1241 983 paulo
1269 928 1387 967 etiam
1410 936 1502 981 post

60 997 374 1053 desperationem
400 999 538 1038 iniecit
566 1000 670 1053 cepti
689 999 965 1053 perpetrandi.
999 998 1136 1039 Codex
1162 999 1234 1054 qui
1260 998 1318 1038 ad
1334 1011 1500 1037 manum

62 1077 149 1111 emt
177 1071 310 1110 unicus
337 1071 593 1110 tumultuarie
606 1099 618 1121 ,
649 1079 692 1109 ut
719 1070 816 1109 diti
826 1098 840 1118 ‚
869 1085 924 1110 ea·
948 1070 1097 1109 duobus
1127 1069 1275 1109 mutilis
1299 1078 1501 1122 congestus

63 1149 315 1195 consutus-que
352 1143 504 1197 passim
543 1142 724 1181 incertae
740 1171 751 1192 ‚
773 1141 990 1196 palamque
1017 1142 1179 1181 interim
1208 1140 1416 1180 mendosae
1443 1140 1504 1179 le-

62 1213 202 1255 ctionis
237 1213 402 1254 vocibus
429 1213 603 1254 scatebat
615 1227 632 1262 ;
672 1213 831 1252 lacunis
866 1213 929 1253 ad
955 1214 1050 1252 haec
1083 1213 1220 1252 hiabat
1247 1221 1324 1252 toto
1350 1214 1503 1266 sparsis

55 1283 212 1339 ·0peris
237 1298 410 1340 corpore,
435 1285 541 1323 cuius
568 1292 691 1338 caput
716 1285 859 1339 ipsum,
893 1285 965 1323 hoc
996 1293 1053 1324 est
1075 1285 1361 1336 elegantissima
1389 1292 1428 1323 et
1450 1284 1502 1322 li-

43 1354 132 1397 'bro
156 1355 392 1408 dignissima
422 1353 629 1409 Praefatio
658 1356 804 1394 Annae
830 1354 1132 1394 desiderabatur
1159 1363 1267 1404 tota,·
1293 1368 1416 1409 quam
1445 1368 1503 1394 ex

63 1427 312 1479 Augustanis
350 1426 570 1480 Excerptis
583 1455 595 1476 ,
633 1434 756 1482 prout
785 1426 895 1465 licuit
909 1456 920 1475 ,
957 1426 1239 1481 supplevimus.
1309 1424 1502 1465 Clausala

54 1507 182 1555 porro
203 1497 421 1549 Historiae,
445 1506 648 1552 postrema
679 1498 823 1536 seilicet
847 1496 1128 1552 quintidecimi
1148 1510 1248 1552 pars
1279 1497 1386 1545 libri,
1419 1511 1503 1536 cre-

62 1566 239 1609 berrimis
249 1569 447 1621 fatiscens
478 1569 605 1618 rimis,
629 1570 777 1623 pertusi
797 1569 951 1623 passim
992 1577 1148 1607 vetusta
1178 1569 1288 1607 carie
1316 1569 1502 1618 centonis,

63 1649 136 1681 atet
159 1640 452 1679 collabascentis
480 1641 738 1695 ruinosaeque
778 1640 971 1678 maceriae
1001 1640 1167 1693 speeiem
1208 1639 1332 1678 habet.
1392 1637 1505 1693 Quid

62 1710 128 1751 ln'c
157 1711 344 1751 auderem
371 1725 626 1766 speraremve
640 1715 659 1749 ?
724 1710 971 1764 Aggrederer
1008 1710 1066 1749 ad
1100 1710 1406 1749 emendationem
1435 1724 1502 1748 ar-

64 1783 219 1838 chetypi
268 1787 503 1822 contextus?
539 1796 664 1837 quam
692 1796 769 1822 non
796 1782 873 1821 nisi
902 1782 1136 1822 coniecturis
1169 1789 1207 1820 et
1233 1781 1503 1821 divinationi-

64 1852 150 1904 bus,
181 1863 260 1893 tam
290 1855 434 1893 multae
463 1853 740 1903 contentionis,
766 1866 893 1908 quam
926 1853 1069 1892 nullius
1094 1853 1330 1903 autoritatis,
1359 1855 1401 1891 in
1431 1866 1504 1891 ea:-

66 1925 303 1979 emplarium
332 1924 488 1976 deficta
506 1925 726 1975 meliorum,
757 1933 1051 1978 repraesentare
1077 1938 1138 1963 me
1160 1933 1350 1979 putarem
1370 1927 1505 1978 posse?

64 1997 137 2039 An
165 1997 450 2052 desponderent
477 1998 656 2036 continuo
687 1998 873 2047 animum,
902 1997 1164 2052 eclitionisque
1194 1997 1400 2036 eonsilium
1427 1997 1503 2036 ab·

65 2067 227 2108 iicerem
241 2072 261 2107 ?
314 2082 366 2109 ac
406 2082 493 2107 cum
523 2068 687 2109 Davisii
729 2068 967 2110 Hoesclcelio
993 2083 1063 2108 sua
1092 2069 1208 2110 viros
1237 2068 1349 2123 apud
1372 2068 1504 2108 doctos

63 2141 200 2193 gratia
229 2141 451 2190 constiterit,
482 2140 590 2195 quod
616 2141 648 2179 is
666 2154 744 2180 non
763 2140 983 2180 dubitasset
1005 2140 1192 2180 mendosa
1221 2138 1506 2179 incredibiliter

66 2218 107 2250 et
134 2210 264 2249 lacera
305 2211 506 2251 Historiae
546 2210 694 2252 Annae
711 2212 946 2264 fragmenta
960 2239 972 2259 ,
995 2225 1143 2266 pauca,
1174 2219 1315 2251 temere
1341 2224 1504 2251 coacer-

68 2289 193 2331 vata,
219 2282 409 2337 praefixo
437 2282 664 2323 Alexiadis
704 2283 815 2321 titulo
857 2281 1001 2331 edere,·
1029 2282 1119 2335 Ego
1156 2290 1252 2322 totos
1276 2282 1503 2338 quindecim

67 2351 151 2392 eius
184 2351 329 2406 Operis
358 2354 478 2393 libros
508 2363 648 2393 nactus
664 2383 676 2403 ,
714 2362 881 2408 propter
905 2353 1031 2393 nescio
1069 2367 1167 2409 quos
1192 2367 1346 2394 naevos
1379 2354 1506 2405 magis

67 2421 380 2477 interpellaturos
410 2425 452 2463 in
479 2425 619 2464 lectore
636 2438 789 2464 sensum
816 2424 1043 2477 elegantiae,
1075 2439 1195 2479 quam
1213 2439 1344 2464 rerum
1373 2424 1506 2478 cogni-

69 2493 168 2532 tioni
191 2503 398 2545 gestarum,
427 2503 498 2535 aut
515 2494 730 2535 Historiae
746 2496 960 2549 integritati
971 2495 1242 2536 subtracturos
1273 2496 1505 2550 quidquam,

65 2562 235 2618 publicis
265 2565 498 2606 invidendos
524 2566 733 2606 desideriis
763 2575 801 2606 et
827 2575 1076 2606 aeternarum
1104 2581 1236 2607 narsus
1264 2566 1506 2606 addicendos

71 2634 314 2675 tenebrarum
329 2638 527 2689 ergastulo
556 2652 750 2678 censerem
764 2642 783 2676 ?
810 2638 998 2678 Neutrum
1023 2638 1167 2692 opinor
1195 2639 1406 2691 quisquam
1437 2650 1507 2677 ae-

73 2718 169 2761 quus
197 2706 422 2778 cruditusve
439 2709 652 2760 suasissem
678 2724 727 2749 ne
748 2710 955 2765 probasset
968 2710 1136 2764 quidem.
1167 2709 1248 2748 Illa
1264 2709 1381 2762 igitur
1411 2709 1510 2748 :nihi
