1754 3086
177 143 247 180 xn
610 135 867 178 LUDOVICI
911 134 1171 178 SCHOPEM

178 235 436 297 pleraque,
471 248 525 280 ac
560 248 714 296 prope
749 230 950 278 dixerim
988 232 1181 291 omnia,
1220 231 1508 293 praestantia
1540 247 1623 278 sua

182 332 233 361 se
267 314 627 376 commendant,
659 323 706 360 et
733 323 787 360 ut
800 314 960 377 Langii
993 313 1199 376 suspicio
1231 312 1292 358 de
1326 311 1507 359 codicis
1522 313 1625 359 Me-

180 397 306 443 dicei
338 405 490 442 aetate
525 396 826 443 ambitiosior
843 396 902 441 sit
938 412 1083 458 quam
1118 395 1292 455 verior,
1316 403 1481 440 tamen
1511 394 1624 440 reli-

185 479 293 542 quis
329 495 437 524 cum
475 486 521 523 et
538 486 766 524 vetustate
802 486 849 522 ct
880 478 1170 540 optimarum
1204 476 1469 522 lectionum
1498 476 1625 521 mul-

178 560 384 606 titudine
433 560 739 620 antecellere,
784 576 857 605 res
888 559 989 621 ipsa
1023 558 1192 620 docet,
1242 567 1297 604 ut
1330 572 1624 620 magnopere

177 640 445 687 dolendum
484 640 728 700 videatur,
773 639 1018 685 Gronovio
1065 639 1212 685 totius
1246 639 1358 684 libri
1393 639 1627 686 curiosius

179 722 450 769 excutiendi
487 723 639 769 otium
675 721 894 769 defuisse.
964 721 1034 766 De
1070 721 1247 781 altero,
1282 735 1381 783 quo
1411 734 1524 766 usus
1556 729 1626 766 est

181 802 375 863 codice,
410 801 528 849 illud
561 812 747 849 tantum
781 810 982 861 constat,
1017 801 1132 845 olim
1167 816 1277 846 eum
1310 799 1452 847 fuisse
1472 800 1626 847 Lucae

177 884 424 930 Holstenii.
493 885 723 947 Reliqua,
765 899 888 946 quac
922 881 984 929 ad
1019 882 1525 930 certioremnotitiam
1559 884 1626 931 fa·

179 967 331 1026 ciant,
367 965 516 1012 hodie
563 967 615 1012 in
658 967 863 1012 obscuro
899 973 1022 1010 sunt.
1102 964 1198 1011 Nec
1229 972 1394 1010 tamen
1430 981 1484 1011 ex
1521 966 1624 1028 ipso

177 1047 486 1109 Apographo,
520 1062 644 1109 quae
676 1047 775 1092 eius
810 1045 964 1091 forma
1000 1055 1047 1091 et
1081 1045 1298 1093 conditio
1335 1046 1492 1108 fuerit,
1525 1064 1626 1094 non

177 1128 503 1173 coniecturam
547 1144 719 1190 capere
761 1128 886 1173 licet.
969 1126 1035 1173 Ac
1085 1128 1296 1190 primum
1347 1129 1549 1191 quidem
1588 1130 1626 1176 is

182 1209 329 1258 codex
360 1211 566 1257 maxima
601 1211 707 1256 libr.
729 1211 760 1256 I.
792 1219 928 1273 parte
964 1211 1158 1256 mutilus
1190 1209 1300 1272 fuit,
1335 1211 1627 1274 initiumque

182 1292 527 1355 duxit,‚aeque
562 1308 617 1338 ac
652 1290 991 1353 CoislinianuS,
1026 1308 1053 1337 a
1081 1292 1237 1339 verbis
1272 1291 1469 1338 demum
1499 1292 1628 1353 pou-¹

181 1376 267 1420 λον
301 1377 477 1419 τοῦτον
522 1382 610 1419 etc.
647 1391 694 1436 p.
724 1375 802 1434 75,
836 1377 911 1419 12.
962 1372 1230 1420 Gronovius
1280 1383 1407 1420 certe
1449 1375 1509 1421 ab
1551 1375 1627 1421 his

154 1454 361 1517 ‘vei-bis,
398 1456 504 1519 quil
536 1471 571 1500 ¹s
606 1454 882 1518 Apographi
914 1455 1079 1501 folium
1099 1459 1177 1502 ΩΟ.
1215 1455 1403 1518 incipit,
1438 1456 1625 1503 Alexia-

186 1538 297 1585 dem
335 1538 856 1599 describereingressus
891 1546 970 1583 est.
1007 1536 1155 1596 Quod
1188 1553 1298 1583 vere
1320 1536 1433 1599 dici,
1465 1547 1628 1584 osten-

185 1620 261 1666 (lit
296 1620 568 1679 clarissime,
601 1627 655 1663 ut
685 1618 772 1666 alia
788 1627 990 1679 taceam,
1024 1618 1287 1663 litterarum
1322 1619 1481 1679 series,
1517 1619 1629 1681 qui-

182 1701 275 1749 bus
321 1703 434 1750 folia
483 1710 658 1748 octona
701 1700 912 1763 signavit.
991 1699 1244 1763 Siquidem
1289 1699 1408 1746 illud
1439 1700 1630 1762 ipsum,

186 1784 327 1842 quod
361 1783 475 1844 dixi,
511 1783 678 1829 folium
709 1783 874 1828 subtus
906 1783 1111 1829 litteram
1135 1781 1173 1827 A
1207 1782 1345 1845 quasi
1380 1780 1630 1828 custodem

182 1861 344 1909 hahet,
381 1864 517 1922 Quae
546 1862 843 1926 praecedunt
873 1863 985 1909 folia
1004 1863 1173 1909 decem
1205 1872 1252 1909 et
1281 1879 1486 1924 novem,
1521 1864 1630 1909 nul-

184 1943 242 1988 lis
275 1945 498 2009 insignita
532 1945 726 2006 litteris,
762 1961 816 1992 ea
844 1944 1113 1991 Gronovius
1143 1954 1247 1990 tum
1282 1943 1485 2005 addidit,
1519 1961 1630 1992 cum

187 2026 451 2075 Florentiae
482 2038 648 2075 nactus
669 2037 789 2075 esset
817 2026 1035 2074 codicem
1071 2026 1316 2089 aliquanto
1349 2027 1627 2073 auctiorem.

186 2109 343 2171 Atque
402 2113 443 2157 -Tc
481 2111 657 2157 sactum
698 2120 782 2172 est,
819 2111 1011 2173 opinor,
1045 2118 1098 2155 ut
1130 2108 1252 2155 haec
1284 2109 1423 2169 folia,
1458 2124 1631 2172 quem-

188 2189 450 2236 admodum
488 2209 631 2255 supra
665 2192 856 2252 monui,
891 2192 1068 2238 nullam
1102 2207 1296 2253 prorsus
1331 2189 1510 2236 codicis
1532 2191 1631 2236 Mc-

188 2271 312 2319 dicei
338 2283 343 2286 ”
367 2272 738 2337 (Ιίευερᾶηιίοηι
793 2273 1080 2338 adscriptam
1135 2273 1360 2319 habeant.
1436 2273 1631 2320 Initium

188 2362 348 2399 autem
386 2354 681 2403 Ilolsveniani
727 2356 931 2419 exempli
981 2356 1123 2402 etiam
1156 2372 1390 2418 perquam
1424 2355 1632 2402 mendo-

189 2452 294 2480 sum
329 2435 494 2497 fuisse,
531 2437 871 2500 Apographum
892 2438 1006 2484 item
1028 2438 1193 2500 arguit.
1262 2438 1517 2500 Apponam
1552 2438 1634 2485 hic

188 2518 357 2577 verba,
407 2517 566 2580 qualia
620 2519 841 2581 primitus
885 2535 911 2564 a
961 2519 1207 2565 Gronovio
1268 2519 1442 2581 scripta
1491 2527 1631 2566 sunt:

187 2597 378 2656 μᾶλλον
411 2602 590 2644 τοῦτον
630 2597 892 2650 κατέτλους
931 2601 1134 2656 ἐκείνου,
1171 2595 1276 2658 ἅμα
1309 2599 1396 2659 μὲν
1430 2597 1511 2643 καὶ
1545 2598 1632 2651 τὴν

189 2676 441 2742 ταχίστην
470 2682 697 2729 κέλευθον
727 2682 1125 2746 προαιρούμενος·
1200 2677 1305 2742 ἅμα
1341 2678 1394 2728 δὲ
1430 2680 1510 2726 καὶ
1544 2680 1630 2733 τὴν
