1754 3086
250 109 407 150 XLvln
669 109 884 150 DAvmls
924 109 1237 152 HOESCHELH

249 210 316 250 vir
345 224 520 264 nequam
547 214 588 249 et
617 210 821 261 subdolus,
856 225 949 250 cum
978 217 1076 251 esset
1106 213 1145 251 in
1174 211 1326 264 palatio
1355 210 1572 265 Nicephori
1607 213 1679 254 de-

248 271 416 316 cessoris
456 276 516 314 sui
542 290 730 326 summm,
760 283 800 316 et
828 278 1019 330 princeps
1059 279 1246 328 militiae,
1292 282 1434 317 contra
1473 278 1682 319 dominum

249 357 367 382 suum
395 342 594 382 malitiose
615 342 892 393 recalcitrans,
914 345 1058 397 quinto
1086 345 1149 383 vel
1180 350 1288 383 sexto
1309 349 1400 383 ante
1427 343 1533 384 hane
1559 359 1680 399 expe-

250 408 448 448 ditionem
467 421 586 458 anno,
615 407 783 447 domino
801 409 968 461 depulso
997 409 1213 462 imperium
1247 409 1462 459 invaserat,
1495 417 1536 450 et
1566 411 1701 450 inva...

248 488 337 513 sum
363 473 553 528 nequiter
580 473 803 513 detinebat.
860 475 938 514 Hic
965 489 1123 528 semper
1150 475 1408 528 propositum
1430 475 1578 516 habens
1607 477 1680 516 fal-

248 538 368 590 lendi,
398 553 515 594 saepe
544 554 635 579 cum
656 539 880 593 peregrinis
898 541 1022 579 verba
1041 541 1209 593 pacifica
1230 540 1478 594 loquebatur
1505 543 1544 581 in
1569 542 1680 595 dolo,

247 613 473 659 suspectam
506 606 655 659 iugiter
683 606 833 644 habens
862 606 1164 646 multitudinem
1195 620 1316 645 cruce
1345 607 1610 660 signatorum,
1639 599 1696 648 et*

245 673 412 711 militiae
438 672 701 724 probitatem.
731 671 852 711 Unde
877 671 908 710 si
931 672 1176 726 quandoque
1207 686 1357 712 nocere
1386 673 1566 724 cessavit,
1596 687 1701 713 nou

246 737 327 777 hoc
355 739 515 777 virtutis
546 737 692 787 extitit,
721 737 791 776 sed
823 738 992 777 timoris.
1051 739 1175 777 Anno
1199 753 1318 777 Μοιῐῐ.
1348 739 1467 778 Tunc
1494 739 1680 792 Impera..

246 810 313 843 tor
329 804 499 853 Alexius,
532 810 572 843 et
597 803 791 856 proditor
812 804 1086 857 nequissimus,
1115 809 1354 844 nostrorum
1379 803 1559 844 invidens
1586 819 1681 844 suc.

246 871 442 919 cassibus,
487 869 632 908 Turcis
675 870 901 909 infidelibus
919 901 930 920 ,
973 883 1050 923 per
1095 885 1271 924 quorum
1315 877 1445 910 terras
1473 870 1695 924 peregrini

246 935 461 975 transituri
490 942 618 985 erant,
647 936 811 975 crebras
830 936 1051 976 transmisit
1069 937 1269 989 epistolas,
1297 936 1513 976 exhortans
1543 942 1693 977 auen-⁴

245 1002 323 1041 tius
342 1031 354 1052 ,
396 1016 447 1041 ne
489 1007 650 1040 tantum
677 1002 1006 1042 Christianorum
1047 1003 1246 1055 populum
1279 1002 1406 1042 libere
1434 1002 1610 1043 transire
1639 1004 1690 1042 iu

242 1082 356 1108 suam
383 1067 608 1120 perniciem
631 1074 887 1120 paterentur.

352 1135 638 1174 ΜΑΤΤιιΛΕι
682 1136 1309 1175 WESTMONASTER113N818
1348 1147 1536 1174 rLonEs
1584 1134 1680 1174 Hx..

242 1214 389 1241 sron.
413 1213 520 1240 Auno
552 1213 674 1239 mxcv.
703 1199 860 1239 Alexius
890 1205 990 1239 tunc
1016 1200 1215 1252 temporis
1245 1199 1408 1239 Graecis
1438 1199 1679 1253 imperabat,

244 1267 307 1306 vir
333 1266 497 1320 quidem
525 1265 743 1316 subdolus,
773 1270 815 1305 et
853 1266 1101 1305 nostratibus
1133 1279 1290 1319 semper
1317 1279 1463 1319 parans
1492 1279 1585 1305 cum
1613 1267 1684 1304 iii-J
1734 1280 1735 1283 ¹

240 1332 347 1373 sidiis
375 1337 683 1372 nocumentum.

350 1398 482 1453 Atque
511 1399 612 1437 haec
642 1397 692 1436 de
725 1395 864 1436 Alexin·
892 1396 1067 1436 mor-ihus
1098 1396 1218 1448 vulgo
1246 1395 1365 1451 apud
1393 1397 1557 1437 Latinos
1585 1399 1656 1453 opi

239 1465 306 1506 nio
333 1464 529 1504 obtinuit:
571 1478 674 1503 unus
700 1477 816 1517 quem
845 1477 913 1516 ego
941 1463 1102 1515 legerim
1141 1463 1408 1503 Arreni-us
1435 1464 1677 1504 CAnorr..

240 1544 329 1570 cus
366 1531 661 1579 ΑρυΕΝειε,
704 1542 735 1568 a
778 1530 986 1568 Reineccio
1015 1529 1128 1568 titulo
1166 1529 1342 1568 chronici
1372 1529 1679 1582 Ηίενοεοζγηιί-

239 1597 351 1646 tani,
377 1597 464 1635 sine
489 1595 670 1636 auctoris
697 1596 853 1634 nomine
881 1595 1026 1644 editus,
1056 1595 1298 1634 commodius
1325 1595 1375 1634 de
1402 1596 1471 1634 illo
1499 1609 1576 1634 non
1601 1587 1681 1636 und
1731 1597 1734 1602 ’

239 1656 330 1702 loco
372 1663 503 1702 sensit.
569 1662 626 1700 sic
660 1670 702 1700 ut
741 1661 890 1700 alicubi
919 1662 997 1699 eius
1031 1661 1270 1715 apolegetem
1292 1662 1389 1711 sere
1425 1675 1479 1700 ex
1501 1661 1678 1715 professo,

237 1730 376 1781 egerit,
406 1730 488 1768 Lm.
507 1741 596 1767 vm.
616 1727 712 1767 CAP.
731 1740 836 1766 xnvt.
866 1727 982 1766 Fecit
1012 1727 1118 1766 enim
1146 1727 1252 1765 fama
1281 1727 1320 1765 in
1347 1726 1503 1780 populo
1521 1726 1651 1767 Catho
1678 1754 1683 1762 „

238 1795 331 1846 lico,
362 1795 475 1849 quod
504 1794 624 1847 ipsius
641 1794 906 1846 Imperatoris
929 1793 1102 1843 (Alexis)
1133 1792 1300 1839 occultis
1323 1798 1364 1831 et
1381 1793 1547 1846 perfidis
1572 1806 1650 1832 con
1675 1787 1680 1794 ’

239 1860 347 1911 siliis,
378 1876 400 1899 a
431 1860 580 1899 comite
607 1858 849 1913 Reymundo
892 1865 932 1898 et
963 1859 1157 1898 militibus
1186 1857 1448 1911 Turcopolis‚
1477 1857 1679 1899 deductus

238 1926 290 1966 sit
317 1926 515 1966 exercitus
543 1924 910 1977 Longobardorum
932 1938 1007 1977 per
1028 1923 1184 1964 deserta
1213 1930 1254 1963 et
1282 1924 1390 1963 invia
1419 1930 1460 1964 et
1486 1924 1648 1964 solitud’
1675 1954 1677 1978 3
1731 1947 1734 1976 2

239 2007 308 2032 nes
335 1992 574 2046 Flaganiae‚
619 1996 666 2029 ut
695 1991 776 2030 illie
805 2006 826 2030 a
857 1991 1000 2029 Turcis
1040 1990 1156 2029 facile
1181 2003 1279 2043 prae
1308 1990 1413 2029 fame
1442 1995 1484 2029 et
1511 1990 1578 2029 siti
1606 2005 1675 2030 ex
1730 2009 1734 2012 ·

236 2059 414 2107 haustus,
446 2064 658 2111 superatus
689 2057 961 2096 occideretur.
1017 2056 1174 2095 Verum
1193 2062 1238 2095 ut
1265 2071 1286 2094 a
1313 2055 1500 2095 veridicis
1521 2062 1562 2096 et
1594 2070 1647 2095 no
1672 2085 1675 2094 μ
1730 2061 1734 2064 ’

236 2123 383 2164 bilibus
411 2123 508 2163 viris
540 2124 712 2163 relatum
730 2129 801 2172 est,
835 2136 1091 2176 nequaquam
1106 2121 1186 2161 hoc
1204 2121 1378 2161 nefando
1398 2121 1550 2162 scelere
1581 2122 1671 2162 cul-

237 2189 394 2244 pandus
424 2195 527 2229 erat.
582 2189 682 2227 Nam
701 2188 856 2241 saepius
887 2187 1108 2228 exercitum
1136 2187 1407 2240 praemonuit,
1435 2194 1476 2226 et
1505 2186 1670 2227 edocui

237 2255 473 2296 solitudines
502 2260 541 2294 et
564 2254 824 2305 defectiones,
856 2260 896 2294 et
911 2256 1143 2293 Turcorum
1176 2252 1331 2292 insidias
1362 2253 1402 2291 in
1433 2253 1547 2292 inviis
1574 2253 1666 2295 Flac

238 2322 392 2376 ganiae,
423 2328 464 2361 et
495 2320 585 2360 ideo
614 2335 681 2359 eos
709 2335 788 2359 non
819 2334 958 2359 secure
989 2326 1028 2359 et
1053 2326 1163 2358 tutos
1192 2319 1392 2371 perhanc
1422 2319 1526 2357 viam
1554 2333 1673 2372 poss

237 2388 437 2428 incedere.
495 2387 592 2426 Cn.
612 2400 736 2425 XLvu.
757 2388 989 2439 Imperator
1017 2386 1214 2436 (Alexius)
1244 2387 1471 2424 universam
1498 2385 1664 2438 petitio

236 2468 329 2494 nem
355 2453 482 2506 Regis,
510 2467 602 2492 cum
629 2453 866 2491 muneribus
895 2452 970 2491 sibi
988 2452 1264 2504 praesentatis,
1292 2450 1333 2488 in
1361 2450 1470 2490 bono
1498 2450 1669 2503 accepit

237 2525 279 2559 et
307 2519 357 2559 de
387 2518 497 2558 omni
530 2518 759 2571 suspicione
790 2518 896 2556 necis
910 2516 1295 2570 Longobardorum,
1326 2530 1448 2569 quam
1481 2515 1621 2555 advers
1647 2544 1659 2549 .

236 2599 330 2624 eum
360 2584 577 2624 Christiani
606 2584 824 2632 habebant,
854 2583 1132 2622 iusiurandum
1154 2582 1193 2620 in
1216 2582 1291 2620 Dei
1314 2582 1478 2621 nomine
1505 2581 1632 2621 facien
1660 2617 1667 2638 ;

236 2665 276 2692 se
306 2651 530 2702 excusavit,
568 2650 813 2704 promittens
855 2664 897 2689 se
939 2648 1082 2690 deinde
1128 2648 1313 2687 omnibus
1361 2647 1664 2688 misericordem*
