1754 3086
164 79 275 147 442
616 98 800 142 ANNAE
850 99 1149 143 coMNENAE

163 195 328 255 ὅνομα,>
360 197 382 240 ὅ
408 196 608 253 βασιλεὺς
644 199 816 250 ὑπείξας
854 201 909 256 τῷ
938 200 1091 242 τούτου
1119 196 1341 254 θελήματι,
1370 200 1505 242 αὐτοῦ’
1535 217 1616 243 που

161 267 402 307 κατέλυσεν.
471 265 561 306 ἀλλ’
593 266 705 318 ,οὐδὲ
753 267 802 322 τῇ
824 268 915 319 μετ’
954 263 1086 319 αὐτὴν
1113 267 1352 322 βουλομένῳ
1382 267 1566 316 ἐξελθεῖν
1595 265 1616 308 ὅ

161 332 565 386 Πορφυρογέννητος
592 331 842 386 συνεχώρει·
899 327 1018 386 ἧξίου
1047 332 1094 372 δὲ
1121 333 1281 384 μᾶλλον
1314 332 1617 387 ἐγκαρτερῆσαι

161 396 232 438 καί
260 395 335 453 ἔτι,
376 399 446 453 ἐφ’
483 390 514 455 ᾦ
546 397 865 452 α’νακτήσασθαί
890 413 934 439 τε
979 393 1134 438 ἑαυτὸν
1172 398 1247 452 τῆς
1275 395 1515 450 ὁδοιπορίας
1546 401 1619 439 καί

123 461 209 504 Βτό
244 465 366 515 σῶμα
409 464 484 504 τοῦ
524 464 741 518 κονιορτοῦ
794 466 979 517 καθᾶραι
1009 460 1281 515 λουσάμενον.
1367 462 1652 517 ηὖτρέπιστοῧ

161 527 239 584 γὰρ
269 529 385 586 αὐτῷ
412 524 492 584 ἤδη
520 527 592 570 καί
617 528 669 571 τοὶ
699 528 804 585 πρὸς
825 531 1011 582 εὐωχίαν
1033 530 1205 583 δαψιλῆ.
1264 527 1285 569 ὃ
1317 530 1362 570 δὲ
1391 527 1461 569 καί
1488 524 1615 576 αὖθις

160 598 220 653 τῷ
245 597 318 638 τοῦ
347 593 759 651 Πορφυρογεννῆτου
789 596 928 646 ὑπεῖξε
970 591 1185 649 θελήματι.
1245 594 1302 643 ὥς
1330 596 1376 636 δὲ
1405 592 1616 647 λουσάμε-

25 671 66 705 V.
80 679 146 704 202
160 677 229 705 νον
256 660 330 703 καί
355 664 431 703 τοῦ
456 663 682 716 βαλανείου
715 660 936 713 ἐξελθόντα
976 663 1124 702 τοῦτον
1151 659 1392 715 μεμαθὴκοι
1423 658 1616 715 Νικηφό-

157 743 231 783 ρος
260 726 283 768 ὅ
309 730 522 783 Διογένης,
554 728 684 769 πάλαι
698 730 946 782 τυραννιῶν,
977 726 1184 781 ἐπιτηρῶν
1212 728 1257 767 δὲ
1278 724 1413 767 εἵπου
1435 726 1510 767 καί
1536 723 1616 766 αὖ..

156 791 298 850 τὸχειρ
331 795 494 850 δυνηθῇ
520 793 673 836 τούτου
693 796 903 848 γενέσθαι,
934 790 1272 846 περιζωσάμενος
1321 791 1393 834 τὸν
1419 790 1618 846 α’κινάκην
1636 809 1682 836 ιο

158 860 312 916 εἰσῄει,
345 860 399 908 ὡς
432 861 560 914 δῆθεν
589 861 636 902 ἐκ
675 858 812 915 θήρας
852 857 1033 901 ἐπανιών
1062 857 1164 900 κατὰ
1191 857 1237 899 τὸ
1276 855 1467 914 σύνηθες.
1522 859 1621 900 ποῦ’-

159 941 233 967 τον
264 921 339 967 οὖν
380 922 399 965 ὃ
438 926 626 976 Τατίκιος
653 924 911 979 θεασάμενος
947 926 1020 967 καί
1046 925 1173 966 πάλαι
1203 921 1413 977 γινώσκων
1442 922 1488 965 τό
1519 925 1618 976 παρ’

159 992 293 1033 αὐτοῦ
333 992 639 1046 μελετώμενον,
669 990 865 1034 α’πιόσατο
910 990 1091 1033 ἐπειπών
1129 989 1232 1032 “ῗνα
1273 989 1318 1031 τί
1357 988 1620 1038 α’συντάκτως

162 1053 271 1099 οὕτω
300 1057 372 1099 καὶ
397 1059 575 1114 ξιφήρης
604 1059 804 1115 εἶσέρχῃ;
834 1057 980 1112 καιρὸς
1021 1057 1246 1111 βαλανείου
1288 1055 1362 1097 καί
1385 1054 1482 1109 οὖχί
1508 1054 1620 1096 ὁδοι-

123 1124 311 1178 Οπορίας
337 1125 438 1166 ου’δὲ
463 1122 602 1178 θήρας
644 1120 672 1179 ἦ
698 1123 840 1179 μάχης
869 1124 1014 1165 ἐστίν.”
1084 1121 1105 1163 ὅ
1137 1123 1182 1164 δὲ
1224 1124 1303 1163 τοῦ
1330 1122 1489 1164 σκοποῦ
1529 1122 1685 1176 &try-15

160 1188 388 1244 μαρτηκιός
432 1188 723 1245 ὑπεχώρησεν.
790 1189 1015 1244 ὑπολαβών
1059 1191 1105 1230 δὲ
1143 1188 1201 1237 οὸς
1232 1184 1313 1244 ἤδη
1352 1190 1620 1239 ἐπέγνωσται,

163 1254 317 1309 (δεινὸς
354 1254 434 1311 γάρ
465 1254 633 1310 ἔλεγχος
659 1256 685 1310 ἧ
715 1257 996 1312 συνει’δησις,)
1037 1257 1211 1313 δρασμῷ
1239 1253 1314 1309 τήν
1342 1251 1497 1296 ἑαυτοῦ
1535 1269 1621 1295 σω-

159 1321 308 1376 τηρίαν
347 1323 761 1376 πραγματεύσασθαι
787 1319 1057 1375 ἐβουλεύετο,
1089 1322 1162 1362 καί
1200 1322 1259 1370 εἰς
1294 1319 1393 1369 τούς
1437 1323 1481 1362 ἑν
1507 1322 1621 1374 Χρι-

162 1386 387 1430 στουπόλει
417 1386 573 1442 α’γροὺς
603 1391 675 1443 τῆς
701 1389 920 1441 βασιλίδος
942 1387 1122 1442 Μαρίας
1151 1384 1179 1441 ἢ
1209 1390 1269 1436 εἰς
1302 1385 1375 1428 τὸν
1405 1389 1621 1441 Πέρνικον

161 1449 190 1508 ἢ
222 1455 280 1502 εἰς
322 1453 394 1496 τὸν
424 1455 640 1508 Περιτζόν
671 1456 1003 1508 προσχωρῆσαι,
1044 1456 1238 1495 κάκεῖθεν
1277 1449 1405 1502 αὖθις
1434 1452 1539 1506 πρὸς
1567 1449 1618 1494 τὰ
1634 1469 1687 1496 20

163 1520 453 1573 συμπίπτοντα
482 1519 535 1562 τοὶ
568 1522 654 1562 κατ’
684 1519 811 1562 αΰτὸν
847 1515 896 1560 εὖ
927 1521 1172 1561 διαθέσθαι.
1249 1518 1511 1574 προεφθὰκει
1538 1517 1620 1573 γάρ

161 1585 185 1640 ἦ
214 1589 379 1639 βασιλίς
395 1587 550 1642 ΠἸαρία
579 1588 729 1628 τοῦτον
759 1588 1090 1640 προσλαβέσθαι,
1123 1585 1309 1642 ἀδελφὸν
1338 1581 1436 1628 ὄντα
1461 1583 1621 1642 μητρό-

161 1657 238 1695 θεν
264 1655 339 1695 τοῦ
365 1652 789 1709 προβεβασιλευκότος
817 1652 970 1707 ἀνδρὸς
999 1653 1130 1707 αὐτῆς
1145 1651 1330 1707 ῙΠιχαὴλ
1357 1654 1432 1694 τοῦ
1459 1653 1618 1706 Δούκα,

255 1766 276 1798 8
314 1765 392 1808 lege
415 1765 640 1812 μεμιιθήκει.
736 1776 787 1798 12.
811 1767 1020 1811 Πατρίκιος
1044 1765 1087 1798 G.
1187 1765 1238 1808 14.
1268 1767 1330 1799 καὶ
1354 1766 1452 1810 prius
1477 1776 1545 1799 om.
1575 1767 1618 1799 A.

256 1815 320 1846 καὶ
343 1811 410 1857 οὐχ
436 1812 657 1860 ὁδοιπορίας
689 1810 710 1855 ἢ
735 1812 855 1858 θήρας
882 1813 921 1845 Α.
1018 1823 1073 1845 20.
1103 1809 1310 1857 Πετριιζόν
1335 1813 1377 1845 G.
1445 1815 1494 1859 τῷ
1523 1824 1619 1861 συμ-

257 1863 415 1894 πίπτοντ
444 1884 453 1893 .
482 1884 490 1892 .
518 1860 561 1893 G.
681 1870 737 1892 22.
763 1861 1046 1906 προσλαβέσθαι
1070 1860 1108 1901 C,
1133 1861 1390 1904 προλαβὲσθαι
1412 1860 1479 1893 PG.

167 1961 206 1984 se
234 1949 319 1984 dare
346 1950 470 1992 vellet,
494 1949 534 1984 id
546 1949 875 1996 Porphyrogenitus
895 1951 995 1993 sivit3
1024 1951 1133 1984 immo
1153 1951 1271 1996 petiit,
1299 1955 1339 1984 ut
1354 1949 1489 1984 diutius
1511 1950 1621 1986 etiam

167 1998 222 2031 ibi
246 2004 418 2038 maneret,
447 2009 519 2043 quo
546 2003 723 2032 recrearet
750 2009 786 2031 se
810 1997 854 2030 ab
883 1998 1013 2031 itinere
1036 1998 1291 2043 pulveremque
1325 1997 1546 2042 abstergeret
1563 1999 1619 2032 la-

165 2044 296 2078 vando.
347 2045 482 2090 quippe
506 2045 725 2078 lautitiarum
750 2050 942 2090 apparatus
959 2046 1029 2078 iam
1053 2046 1212 2090 provisus
1237 2044 1280 2077 ab
1302 2055 1345 2077 eo
1371 2051 1458 2078 erat.
1508 2056 1618 2089 quare

166 2093 297 2125 iterum
329 2092 523 2136 imperator
557 2092 725 2137 precibus
759 2091 1056 2137 porphyrogeniti
1085 2093 1202 2125 cessit.
1260 2103 1337 2124 cum
1366 2097 1483 2124 autem
1510 2091 1619 2125 Nice-

165 2139 303 2185 phorus
317 2139 496 2182 Diogenes
514 2150 595 2172 eum
613 2151 632 2172 e
660 2139 792 2172 balneo
819 2139 982 2184 prodisse
1009 2139 1249 2184 comperisset,
1275 2140 1446 2184 quoniam
1472 2149 1620 2182 regnum

168 2186 303 2219 dudum
328 2188 497 2219 affectans
525 2186 625 2219 illius
648 2186 879 2220 interimendi
916 2191 1057 2231 tempus
1085 2186 1341 2231 aucupabatur,
1368 2186 1514 2218 acinace
1540 2187 1619 2218 cin-

167 2239 243 2266 ctus
269 2233 482 2277 ingreditur,
509 2237 679 2278 tanquam
713 2245 732 2267 e
757 2235 964 2275 venatione,
999 2239 1039 2267 ut
1062 2233 1213 2274 solebat,
1241 2232 1395 2265 rediens.
1445 2244 1551 2277 quein
1578 2238 1619 2266 ut

166 2280 260 2314 vidit
298 2279 476 2321 Taticius‚
514 2281 744 2314 consiliorum
781 2282 858 2314 eius
898 2280 996 2314 haud
1030 2281 1198 2325 ignarus,
1236 2280 1370 2325 repulit
1405 2278 1502 2312 hisce
1537 2291 1618 2312 ver-

166 2328 243 2362 bis:
274 2324 389 2373 “quid
419 2326 619 2361 insolenter
648 2328 698 2361 sic
735 2339 814 2361 cum
839 2329 914 2362 telo
946 2327 1082 2361 intras?
1128 2333 1269 2372 tempus
1298 2325 1420 2360 balnei
1448 2332 1523 2367 est,
1542 2338 1617 2360 non

167 2375 318 2415 itineris,
343 2385 410 2407 nec
432 2374 631 2408 venationis
659 2380 722 2408 aut
743 2373 920 2419 pugnae-’³
952 2375 1016 2408 ille
1043 2385 1080 2408 re
1103 2374 1238 2407 infecta
1263 2384 1300 2406 se
1326 2372 1507 2406 subduxit.
1532 2373 1618 2419 quia

167 2428 286 2455 autem
315 2422 384 2455 iam
422 2421 664 2468 deprehensus
689 2421 759 2454 sibi
791 2422 991 2462 videbatur,
1033 2422 1148 2467 (tanta
1179 2422 1275 2454 enim
1299 2421 1539 2454 conscientiae
1563 2421 1618 2454 vis

168 2471 249 2516 est‚)
274 2469 356 2512 suga
383 2468 534 2502 salutem
560 2479 732 2514 quaerere
748 2469 898 2514 parabat
922 2475 1029 2514 atque
1054 2469 1093 2502 in
1106 2468 1207 2501 villas
1224 2468 1457 2514 imperatricis
1469 2468 1616 2507 Mariae,

168 2529 261 2562 quae
283 2515 327 2549 ad
339 2515 584 2562 Christopolin
604 2522 716 2556 erant,
740 2516 798 2548 vel
812 2516 995 2549 Pernicum
1018 2517 1077 2549 vel
1100 2516 1272 2549 Peritzum
1300 2514 1494 2554 discedere,
1520 2513 1616 2547 unde

168 2575 232 2609 pro
253 2575 289 2596 re
314 2569 398 2596 nata
426 2575 544 2596 rursus
571 2562 641 2596 sibi
653 2563 882 2608 prospiceret.
910 2563 1006 2596 hunc
1030 2563 1125 2596 enim
1143 2563 1211 2595 iam
1239 2567 1322 2596 ante
1349 2562 1417 2595 sibi
1440 2560 1615 2594 adiunxe-

171 2617 226 2644 rat
249 2611 362 2644 Maria
391 2610 609 2655 imperatrix,
638 2609 736 2656 quod
759 2610 789 2643 is
815 2611 974 2654 coniugis
998 2621 1113 2655 nuper
1138 2610 1317 2654 regnantis
1334 2609 1519 2642 Michaelis
1536 2609 1614 2641 Du-

171 2669 231 2691 cae
262 2658 369 2692 frater
410 2663 506 2698 erat,
532 2657 658 2692 eadem
686 2669 763 2691 cum
802 2657 868 2691 illo
897 2663 1009 2691 matre
1034 2662 1150 2698 natus,
1180 2656 1241 2690 sed
1266 2656 1428 2703 patribus
1453 2655 1613 2689 diversis.
