1754 3086
699 174 1018 216 PRAEFATIO.
1522 176 1578 215 lX

263 271 330 320 Ac
363 273 572 335 primum
603 269 804 334 quidem
834 268 1016 315 codicis
1047 266 1325 315 Coisliniani
1356 268 1581 314 lectioni-

135 357 224 404 bus
257 370 366 402 usus
398 371 521 414 sum,
557 369 675 416 quas
700 351 1083 398 Montfauconius
1117 351 1168 397 in
1191 350 1420 397 Biblioth.
1444 349 1581 396 Cois—

133 439 214 486 lin.
243 436 464 499 Catalogo
503 453 551 499 p.
587 439 698 482 521.
720 451 829 498 sqq.
866 432 1098 497 prodidit.
1136 432 1330 495 Codex,
1367 442 1422 480 ut
1450 432 1580 479 idem

130 536 180 584 p.
196 516 308 566 425.
334 518 493 580 (locet,
527 518 923 564 membranaceus
954 524 1040 577 est,
1075 515 1171 561 XII.
1205 516 1400 577 saeculi,
1434 515 1578 562 solio-

132 617 240 649 rum
265 597 376 647 247.
446 601 623 663 Incipit
655 616 682 646 a
716 598 874 646 verbis
907 597 1034 645 Libr.
1064 598 1096 643 Ι.
1132 614 1174 644 c.
1203 598 1277 645 16.
1310 615 1357 661 p.
1379 601 1579 659 75,12.:

129 683 320 744 μᾶλλον
364 685 544 728 τοῦτον
598 680 688 728 τὸν
727 680 1014 726 κατάπλουν
1057 677 1252 726 ἐκείνου.
1333 680 1583 726 Postrema

129 765 242 814 solia
279 765 433 813 lacera
472 774 612 827 sunt3
657 764 743 810 etsi
790 763 1041 810 continent
1085 761 1354 826 quaedam,
1405 762 1582 825 quibus

129 848 348 908 lacunas,
382 863 508 911 quas
542 846 690 893 editio
727 846 940 892 Parisina
974 845 1025 891 in
1058 843 1155 890 fine
1189 845 1353 905 habet,
1388 844 1579 906 explere

131 929 501 994 quodammodo
523 929 735 992 contigit.
766 929 862 976 Nec
887 928 1045 973 minus
1076 927 1127 972 in
1158 926 1260 972 aliis
1277 927 1394 973 locis
1415 925 1581 971 Coisli-

130 1013 302 1059 nianus
332 1011 551 1073 duobus,
586 1012 762 1075 quibus
810 1011 887 1057 illa
934 1010 1126 1070 nititur,
1170 1009 1420 1055 codicibus
1454 1009 1581 1055 inte-

127 1094 258 1158 grior
307 1104 400 1155 est,
444 1094 774 1156 lectionesque
815 1091 1093 1155 suppeditat
1126 1092 1378 1151 meliores,
1423 1100 1470 1136 et
1503 1106 1582 1136 eas

127 1176 375 1239 proprias,
420 1177 596 1238 quibus
640 1176 833 1222 bouitas
869 1174 977 1220 libri
1013 1174 1193 1220 censeri
1229 1182 1402 1236 potest.
1487 1172 1580 1219 Ve-

130 1274 239 1303 rum
267 1268 430 1304 tamen
460 1256 706 1304 fatendum
727 1267 811 1318 est,
847 1256 1055 1303 eundem
1080 1272 1133 1301 ex
1167 1265 1378 1319 utroque
1407 1271 1582 1318 genere

130 1340 241 1387 vitia
276 1341 455 1387 habere
493 1357 582 1386 nec
615 1340 759 1401 levia,
802 1357 892 1386 nec
938 1356 1141 1386 numero
1177 1354 1357 1401 pauca,
1394 1354 1518 1400 quae
1554 1354 1581 1383 a

130 1422 327 1486 reliquis
373 1422 522 1469 ferme
574 1412 761 1468 absunt.
854 1421 988 1468 Unde
1037 1430 1258 1484 apparet,
1307 1421 1465 1466 minus
1511 1420 1579 1466 rei

129 1514 505 1551 consentaneum
557 1521 683 1566 esse,
725 1505 764 1550 si
812 1505 920 1568 quis
950 1503 1185 1551 Alexiadis
1229 1502 1447 1563 codieeS,
1490 1501 1605 1566 *qui

131 1586 330 1650 quidem
371 1587 621 1650 hucusque
666 1588 952 1647 innotuere,
1003 1602 1058 1631 ex
1105 1583 1426 1645 Coisliniano,
1470 1575 1754 1640 tan-⁴*

133 1686 280 1732 quam
327 1686 353 1715 e
389 1670 637 1716 communi
671 1670 828 1730 sonte,
877 1668 1066 1715 fluxisse
1099 1675 1285 1714 statuat.
1320 1665 1425 1712 vid.
1460 1652 1582 1713 W'ilss

133 1751 242 1799 ken.
279 1752 393 1798 Hist.
430 1751 599 1798 Comn.
635 1769 683 1815 p.
704 1752 814 1798 XVI.

265 1834 487 1880 Proxime
531 1834 591 1881 ad
636 1835 767 1881 hunc
816 1832 1002 1881 accedit
1036 1832 1379 1897 Apographum
1415 1831 1581 1878 Annae

135 1914 427 1978 Comnenae,
463 1916 598 1980 quod
634 1917 753 1963 mihi
785 1916 856 1963 vir
888 1916 1105 1977 eximius,
1134 1917 1223 1962 lae.
1249 1915 1456 1975 Geelius,
1491 1931 1580 1977 pro

133 1998 356 2061 singulari
391 2015 475 2045 sua
504 2016 611 2063 erga
647 2015 724 2045 me
757 1999 1095 2045 benevolentia
1128 1999 1407 2061 litterasque
1443 1997 1583 2043 adiu-

134 2080 278 2127 vandi
324 2080 515 2142 studio,
563 2098 619 2127 ex
650 2082 948 2127 Bibliotheca
982 2079 1201 2127 Leidensi
1246 2062 1582 2143 suppeditavit.

137 2161 417 2210 Conl'ecerat
451 2163 500 2210 id
533 2164 648 2210 olim
677 2164 742 2209 Io.
778 2163 900 2210 Frid.
923 2163 1209 2225 Gronovius,
1237 2179 1346 2208 cum
1371 2163 1419 2208 in
1455 2163 1585 2208 ltalia

137 2261 179 2291 a.
220 2243 359 2293 1641.
397 2248 816 2308 commorabatur,
860 2247 1032 2309 partim
1068 2262 1174 2307 sua,
1219 2246 1394 2308 partim
1431 2245 1586 2290 aliena

138 2344 310 2389 manu,
347 2346 404 2375 eo
442 2329 674 2390 consilio,
703 2339 756 2375 ut
791 2346 912 2392 opus
950 2328 1093 2390 illud,
1130 2327 1266 2391 quod
1302 2328 1444 2373 etiam
1483 2336 1585 2372 tum

140 2409 375 2456 ineditum
413 2420 528 2472 erat,
565 2412 614 2457 in
646 2412 800 2458 lucem
832 2411 1080 2474 proferret,
1136 2411 1198 2457 Ex
1232 2410 1401 2456 itinere
1426 2417 1584 2454 autem

140 2490 312 2553 redux,
345 2492 460 2539 dum
498 2503 751 2556 apparatus
787 2494 935 2540 critici
972 2494 1380 2556 supplementum,
1414 2508 1440 2536 a
1464 2490 1587 2536 Luca

140 2573 384 2621 llolstenio
439 2576 525 2638 ipsi
578 2578 894 2639 promissum,
948 2584 1215 2639 exspectat,
1262 2588 1586 2637 praepropera

102 2653 375 2702 'festinatio
416 2658 600 2703 I’ossini
649 2659 1047 2721 necopinantem,
1101 2675 1199 2704 nou
1254 2656 1356 2701 sine
1412 2652 1589 2700 fraudis

142 2737 443 2800 suspicione,
479 2741 759 2802 antevertit,
808 2750 852 2787 et
887 2741 1124 2804 propositi
1174 2735 1491 2800 exsequendi,
1537 2744 1589 2782 ut
