1754 3086
235 92 271 158 4
285 112 300 146 ι
314 112 354 147 o·
693 111 876 152 ANNAE
910 111 1204 153 COMNENAE

189 218 220 250 Ι)
235 210 371 265 πολλῷ
398 211 581 250 πλείονα.
615 208 872 263 σκεψάμενος
900 212 958 263 δέ,
988 210 1079 252 ἑπεί
1106 208 1302 252 ἀπολύειν
1322 210 1496 261 τούτους
1526 212 1665 255 οἴκαδε

234 274 437 327 ἐβούλετο,
466 273 524 328 μή
556 276 600 316 ἐν
625 277 680 330 τῷ
701 277 866 317 α’πιέναι
897 278 956 325 εἰς
977 275 1185 330 προνομήν
1202 278 1493 326 σκεδασθέντες
1520 274 1570 318 οὗ
1592 295 1665 330 μι-

232 338 336 393 κρὰν
358 345 448 388 ταῖς
477 338 578 381 κατὰ
608 338 682 394 τήν
708 339 803 382 ὁδὸν
830 344 1152 395 παρακειμένως
1177 342 1435 393 κωμοπόλεσι
1465 341 1538 396 τήν
1563 345 1664 396 βλά·

231 407 309 457 βην
335 404 553 456 ἐντάξωσιν,
584 403 767 460 ὁμήρους
797 407 839 455 ἐξ
868 406 1010 447 αὐτῶν
1031 407 1244 459 λαμβάνει.
1302 408 1590 462 αἰτησαμένων
1618 410 1664 449 δὲ

232 471 305 510 καί
331 465 466 511 αὐτῶν
492 468 540 511 τὰ
566 469 666 512 κατὰ
702 470 778 527 τὴν
805 471 904 512 ὁδὸν
935 471 1077 519 αὐτοῖς
1114 473 1451 527 α’σφαλίσασθαι,
1494 473 1700 515 δίδωσιν5

233 535 377 583 αὐτοῖς
406 535 477 576 τὸν
502 535 760 591 Ἰωαννάκην,
789 536 916 591 (ἀνὴρ
949 538 995 578 δὲ
1024 532 1145 585 οὗτος
1173 534 1342 594 ἀνδρείᾳ
1370 541 1442 579 καί
1466 535 1666 594 φρονήσει

233 602 488 655 διαφέρων,)
518 601 594 655 τὴν
621 605 703 643 τῶν
729 602 922 643 ἁπάντων
962 604 1194 654 οἰκονομίαν
1221 604 1465 654 διαθέμενος
1493 603 1565 644 καί
1590 602 1666 657 τήν

230 667 380 719 μέχρις
410 663 545 707 αὐτοῦ
572 669 648 708 τοῦ
681 669 825 720 Ζυγοῦ
861 669 943 708 τῶν
974 665 1178 719 Κομάνων
1207 663 1436 721 εὖθέτησιν.
1490 671 1664 710 τοιαῦτα

229 734 307 782 μὲν
323 726 396 773 οὖν
421 731 473 773 τὰ
495 734 571 773 τοῦ
590 732 892 787 αὐτοκράτορος
918 732 1015 790 θείᾳ
1032 733 1191 781 πάντως
1207 733 1387 790 προνοίᾳ.
1416 734 1549 774 πάντα
1565 733 1666 787 γοῦν

101 804 135 837 P.
152 804 219 837 236
231 795 332 837 κατὰ
356 795 407 838 τὸ
433 799 586 851 πλῆρες
612 801 791 850 τελέσας,
820 798 1123 852 τροπαιοφόρος
1151 796 1278 846 αὐτὸς
1304 797 1470 852 νικητῆς
1488 799 1592 850 πρὸς
1617 798 1662 839 τὸ
1681 812 1727 840 10

230 861 460 913 Βυζάντιον
486 865 772 916 ἐπανέρχεται,
789 866 938 905 Μαΐου
962 864 1291 916 παριππεύοντος
1314 863 1459 918 μηνός.
1490 861 1595 904 α’λλὰ
1610 862 1661 905 τὰ

227 929 305 979 μὲν
331 930 414 968 τῶν
440 930 617 969 Σκυθῶν
643 922 726 970 οἶδέ
755 946 809 984 πη
836 931 965 983 πέρας
1004 930 1152 983 ἐχέτω,
1180 925 1254 970 κᾶν
1283 931 1327 970 ἐκ
1355 931 1517 971 πολλῶν
1545 926 1664 981 ὀλίγα

227 1009 299 1045 μοι
329 992 511 1048 εἴρηται,
550 990 661 1051 ἄκρῳ
690 992 875 1052 δακτύλῳ
903 997 980 1036 τοῦ
1013 993 1284 1049 Ἀδριατικοῦ
1317 994 1511 1050 ἆψαμένῃ
1540 993 1667 1035 πελά-

227 1073 338 1112 γους.
392 1057 466 1107 τὰς
503 1059 583 1113 γάρ
625 1058 819 1114 λαμπράς
845 1062 920 1101 τοῦ
960 1061 1259 1114 αὐτοκράτορος
1290 1059 1417 1112 νίκας,
1446 1060 1518 1108 τὰς
1545 1074 1665 1112 μερι-

227 1122 302 1172 κὰς
335 1126 417 1166 τῶν
442 1127 649 1176 πολεμίων
689 1122 826 1179 ἥττας,
858 1126 932 1173 τὰς
961 1128 1056 1166 καθ’
1080 1124 1151 1166 ἕνα
1179 1125 1330 1166 τούτου
1357 1125 1662 1179 ἀνδραγαθίας,
1680 1126 1727 1168 15

227 1187 276 1230 τὰ
306 1191 349 1230 ἐν
377 1192 432 1244 τῷ
469 1189 622 1241 μεταξύ
666 1192 949 1242 συμπίπτοντα
993 1196 1080 1239 τοῖς
1122 1189 1211 1232 τότε
1251 1197 1423 1244 καιροῖς,
1456 1193 1528 1231 καί
1555 1186 1665 1238 ὅπως

227 1253 326 1306 πρὸς
344 1252 528 1304 ἅπαντας
555 1256 803 1297 ἐποικίλλετό
820 1271 865 1296 τε
893 1257 964 1297 καί
992 1255 1061 1297 διὰ
1082 1256 1281 1305 παντοίας
1307 1257 1493 1309 μεθόδου
1524 1257 1663 1297 διέλυε

227 1318 276 1360 τοὶ
311 1321 597 1372 συμπίπτοντα
630 1321 767 1374 δεινά,
799 1322 889 1362 οὐδ’
935 1318 986 1362 ὀὲν
1015 1324 1288 1376 Δημοσθένης
1327 1317 1450 1370 ἄλλος
1487 1318 1516 1374 ἦ
1541 1322 1613 1362 καί
1642 1319 1665 1360 ὅ

230 1381 340 1435 ἅπας
370 1387 451 1427 τῶν
490 1384 675 1442 ῥητόρων
705 1385 853 1441 χορός,
889 1384 980 1428 οὐδ’
1008 1384 1059 1428 ἂν
1095 1385 1120 1442 ἦ
1146 1386 1378 1442 Ἀκαδημία
1405 1391 1518 1429 πᾶσα
1542 1388 1615 1428 καί
1640 1382 1664 1440 ἦ

323 1522 355 1555 3.
380 1515 472 1555 κατὰ
488 1520 543 1554 CA
561 1527 596 1555 et
619 1523 658 1555 in
682 1523 838 1567 margine
864 1523 899 1564 P,
923 1519 1028 1569 παρὰ
1043 1523 1110 1556 PG.
1182 1517 1249 1567 τὴν
1272 1524 1420 1557 alterum
1436 1535 1502 1557 om.
1519 1525 1558 1557 Α.
1630 1527 1662 1569 4.

323 1571 580 1615 αἰτησαμένων
596 1582 603 1601 :
622 1572 684 1603 καὶ
712 1567 777 1604 τὸν
801 1569 1011 1613 ἰωαννάκην
1035 1563 1122 1607 δοὺς
1157 1569 1344 1605 διασῶσαι
1365 1571 1516 1610 τούτους
1535 1573 1664 1619 μέχρις

325 1616 435 1650 αὐτοῦ
466 1616 585 1661 ζυγοῦ,
614 1616 741 1650 οἴκαδε
766 1616 914 1655 τούτους
940 1615 1119 1652 ἀπέλυσεν
1137 1617 1175 1650 A.
1271 1618 1301 1651 5.
1325 1614 1369 1651 τὰ
1395 1630 1463 1651 om.
1490 1619 1532 1651 G.
1625 1619 1649 1652 6

326 1662 520 1705 Ιωανιίκην
544 1663 582 1695 C.
678 1665 716 1710 τῇ
743 1660 899 1710 ἀνδρείᾳ
924 1667 987 1698 καὶ
1014 1664 1052 1711 τῇ
1079 1664 1120 1696 G.
1219 1665 1252 1698 8.
1278 1665 1402 1710 Ζυγοῦ
1429 1665 1563 1709 scripsi.
1588 1665 1661 1697 vid.

323 1721 359 1754 p.
390 1711 455 1753 ²45
491 1711 528 1741 A.
554 1708 638 1742 libri
667 1711 788 1755 ζυγοῦ.
884 1721 918 1753 9.
945 1717 1026 1756 post
1052 1712 1210 1756 προνοίᾳ
1233 1716 1400 1756 punctum
1426 1712 1549 1756 posui;
1577 1711 1662 1744 libri

325 1768 396 1788 uno
423 1761 546 1788 tenore
569 1760 730 1802 προνοίᾳ
753 1756 889 1790 πάντα.
963 1769 1016 1791 ιο.
1042 1758 1186 1792 τελέσαι
1198 1758 1241 1790 G.
1308 1753 1347 1793 τό
1371 1758 1519 1791 alterum
1534 1769 1599 1791 om.
1617 1758 1661 1791 G.

329 1814 379 1835 ια.
405 1802 555 1838 σκυθῶν
579 1801 691 1837 οὕτω·
721 1801 793 1839 κᾶν
819 1804 859 1837 Α.
981 1817 1032 1849 ¹7·
1057 1816 1101 1836 an
1126 1802 1302 1840 Suana?
1401 1807 1452 1840 18.
1480 1804 1498 1840 ὃ
1524 1815 1592 1838 orn.
1621 1805 1664 1838 G.

330 1861 380 1895 ¹9·
409 1848 431 1893 ἦ
451 1850 549 1895 prius
574 1860 643 1883 om.
670 1850 712 1883 G.

235 1961 354 2005 pulam
381 1960 554 1994 edormire
580 1962 672 2003 sivit,
698 1973 770 2007 quo
798 1967 916 1996 mente
941 1969 1082 2008 recepta
1112 1963 1277 1997 beneficii
1311 1975 1448 1997 sensum
1478 1962 1663 1996 haberent.

234 2009 356 2052 itaque
381 2008 552 2052 postridie
582 2010 654 2041 eius
680 2008 753 2041 diei
793 2010 992 2042 convocatis
1021 2010 1208 2051 omnibus,
1232 2021 1305 2044 non
1344 2021 1384 2043 ea
1406 2010 1542 2050 solum,
1571 2021 1664 2055 quae

235 2055 417 2099 pollicitus
454 2061 549 2096 erat,
581 2055 643 2088 sed
669 2056 780 2089 multo
806 2057 908 2101 plura
933 2057 1114 2101 persolvit.
1163 2057 1224 2090 sed
1249 2069 1326 2090 cum
1353 2056 1491 2091 domum
1520 2067 1580 2090 eos
1606 2056 1664 2089 di-

235 2101 375 2134 mittere
401 2101 530 2142 vellet,
555 2102 685 2135 veritus
701 2128 709 2143 ,
733 2114 778 2135 ne
801 2104 837 2135 in
863 2103 980 2136 reditu
1006 2103 1249 2148 praedabundi
1276 2103 1416 2148 oppidis
1444 2104 1536 2136 viam
1561 2102 1663 2136 adia-

235 2147 397 2180 centibus
421 2147 519 2181 haud
552 2159 692 2193 parvam
723 2150 959 2183 calamitatem
999 2151 1182 2190 inferrent,
1222 2150 1363 2183 obsides
1386 2151 1430 2183 iis
1455 2151 1661 2195 imperavit3

234 2195 386 2227 vicissim
412 2199 448 2227 et
472 2195 556 2239 ipsis
580 2196 802 2229 securitatem
830 2197 966 2229 itineris
1001 2197 1218 2242 petentibus,
1244 2197 1475 2230 Iohannacem
1499 2197 1662 2230 comitem

236 2240 347 2282 dedit,
375 2240 585 2274 fortitudine
610 2254 649 2275 ac
676 2242 868 2287 prudentia
891 2249 1152 2288 praestantem,
1176 2244 1230 2276 cui
1255 2245 1412 2276 omnium
1441 2255 1554 2276 rerum
1578 2254 1663 2288 pro-

237 2288 454 2320 curationem
482 2288 835 2334 incolumitatemque
864 2289 1098 2323 Comanorum
1136 2290 1404 2331 commendavit,
1443 2301 1555 2335 usque
1579 2289 1662 2323 dum

238 2333 283 2367 ad
317 2335 443 2378 Zygum
481 2335 733 2379 pervenissent.
789 2342 896 2382 atque
934 2338 983 2370 ita
1015 2337 1158 2382 quidem
1192 2337 1385 2381 imperator
1413 2336 1530 2370 divina
1556 2337 1663 2381 plane

237 2380 473 2426 providentia.
520 2381 683 2414 omnibus
708 2383 815 2426 igitur
842 2383 983 2416 abunde
1003 2384 1215 2428 persolutis,
1242 2385 1318 2428 ipse
1345 2383 1563 2427 triumphans
1593 2383 1662 2426 By-

239 2428 395 2461 zantium
424 2428 632 2468 revertitur,
657 2429 752 2462 Maio
778 2441 907 2462 mense.
956 2429 1124 2463 hactenus
1168 2430 1211 2463 de
1248 2431 1345 2463 bello
1370 2430 1550 2474 Scythi003
1576 2429 1664 2462 licet

238 2485 284 2507 ex
318 2474 439 2507 multis
478 2485 590 2519 pauca
614 2475 858 2509 tantummodo
901 2478 1134 2518 narraverim,
1172 2477 1387 2511 Adriaticum
1427 2477 1527 2522 quasi
1567 2487 1664 2508 mare

239 2532 372 2554 summo
399 2519 508 2565 digito
530 2526 689 2565 tangens.
718 2534 797 2555 nam
822 2523 1027 2567 splendidas
1054 2524 1276 2569 imperatoris
1300 2524 1463 2557 victorias
1488 2534 1528 2556 ac
1550 2522 1665 2555 levio-

239 2579 294 2601 res
317 2567 472 2600 hostium
514 2567 631 2602 clades
668 2569 878 2614 singulaque
912 2570 956 2601 ab
987 2570 1111 2603 eodem
1140 2571 1317 2615 praeclare
1353 2576 1449 2614 gesta
1474 2576 1510 2604 et
1531 2574 1664 2614 quanta

240 2619 334 2654 arte,
365 2625 455 2658 quae
480 2614 618 2648 interim
645 2615 855 2655 acciderant,
881 2616 982 2649 malis
1007 2628 1043 2649 se
1075 2617 1305 2662 expediverit,
1332 2616 1419 2649 haec
1443 2616 1561 2649 omnia
1583 2626 1665 2647 ver-

240 2660 294 2693 bis
332 2671 485 2705 aequare
518 2673 583 2695 nec
606 2662 862 2697 Demosthenes
891 2663 981 2696 alter
1004 2669 1142 2708 posset,
1178 2675 1245 2697 nee
1280 2664 1462 2697 universus
1486 2667 1666 2696 oratorum
