1754 3086
234 89 346 144 316
700 108 880 151 ANNAE
916 110 1208 152 coMNENAE

231 207 320 255 ξαν.
377 204 423 247 τὸ
455 207 500 248 δὲ
532 201 628 248 ὅλον
654 206 706 247 ου’
733 210 810 250 τοῦ
826 210 1052 259 Πουζάνου
1080 203 1131 262 ἦν
1158 205 1364 262 κατ’ἕμὸν
1383 207 1529 262 λόγον,
1554 210 1665 252 ἀλλά

230 273 309 311 τοῦ
335 271 514 313 σουλτᾶν
540 273 698 314 ἐκείνου
718 276 877 315 τοιαῦτ’
904 270 1244 327 οἰκονομήσαντος
1270 273 1376 316 κατὰ
1409 277 1487 316 τοῦ
1509 275 1666 317 ’Λπελ-

95 348 135 382 v.
158 352 216 394 ¹42
231 335 376 390 χασὴμ
407 336 680 392 δηλώσαντος.
741 338 847 380 ἄλλα
873 342 1008 379 ταῦτα
1037 341 1114 391 μὲν
1142 337 1247 380 κατὰ
1275 339 1348 381 τὸν
1368 339 1663 395 »’Λπελχασὴμ.

230 399 252 441 ὅ
284 403 331 442 δὲ
357 401 556 454 βασιλεὺς
575 401 648 452 τὰς
675 405 747 445 τοῦ
773 407 950 446 σουλτᾶν
976 403 1241 458 ὕπαναγνούς
1267 405 1459 461 γραφάς,
1489 406 1582 447 οὐδ’
1605 409 1665 456 εἰς

229 469 328 508 νοῦν
369 467 417 508 ‘to'
455 466 709 523 δηλούμενον
749 473 893 523 βαλεῖν
931 465 1071 523 ἤθελε.
1141 472 1214 512 καὶ
1234 473 1321 521 πῶς
1361 470 1467 525 γάρ,
1509 469 1554 513 τὸ
1583 470 1702 526 γάρὸ

190 540 217 571 Β
227 532 445 584 βασιλικὸν
471 533 723 588 θυγάτριον,
752 534 852 588 ὅπερ
882 534 927 575 τὸ
970 534 1142 588 γράμμα
1174 536 1306 590 ἐζήτει
1334 540 1667 593 κατεγγυηθῆναι

226 601 284 652 τῷ
312 599 558 656 πρωτοτόκῳ
603 600 738 641 αὐτοῦ
765 599 864 657 υἱῷ,
898 596 950 654 ἧν
978 596 1062 655 ἄρα
1091 602 1323 656 δυστυχές,
1365 601 1423 652 ὥς
1450 600 1602 657 ἔοικεν,
1629 605 1673 645 εἰ

227 660 475 718 ἆνεληλύθει
503 666 562 714 εἰς
580 667 797 719 Περσίδα,
828 665 1045 718 βασιλείας
1070 665 1326 720 μετεσχηκὸς
1353 666 1518 722 ἁπάσης
1545 684 1670 710 κακο-

229 730 554 785 δαιμονεστέρας
580 732 736 779 πενίας.
795 731 889 773 ἀλλ’
917 727 1011 772 οὔτε
1038 731 1136 780 θεὸς
1158 733 1277 773 τοῦτο
1310 733 1545 788 ἐπέτρεπεν,
1575 727 1668 775 οὔτε

229 793 252 835 ὅ
277 794 475 846 βασιλεὺς
513 792 601 849 εἶχε
644 795 808 851 γνώμης
838 794 947 839 οὕτω
973 799 1105 838 ταῦτα
1147 799 1379 852 προβῆναι,
1413 795 1503 840 οὔδ’
1527 795 1580 841 ἂν
1610 800 1668 848 εἷς
1686 814 1719 840 1(

230 859 375 902 στενὸν
407 859 647 916 κατηντήκει
676 863 791 919 αύτῷ
819 861 868 904 τὰ
898 862 1136 918 πράγματα.
1196 862 1330 912 εὐθυς
1356 864 1438 919 γὰρ
1469 866 1543 907 καὶ
1565 863 1675 907 κατὰ

229 926 397 980 πρώτην
428 925 558 981 α’κοην
586 929 662 968 τοῦ
688 927 934 982 γράμματος
959 929 1029 982 τῆς
1054 929 1131 970 τοῦ
1154 925 1375 984 βαρβάρου
1401 929 1672 984 κατεγέλασεν

231 991 418 1044 ὀρέξεως,
446 989 828 1047 ὖποφθεγξάμενος,
859 990 920 1035 ὅτι
941 999 966 1020 “
980 993 1001 1035 ὃ
1021 996 1182 1048 δαιζιιων
1206 997 1326 1036 τοῦτο
1351 996 1411 1044 εἰς
1438 998 1537 1037 νοῦν
1561 997 1672 1052 αὐτῷ

233 1055 518 1109 ἅνεβιζθασεν.”
590 1059 689 1112 περὶ
714 1061 791 1100 τοῦ
815 1060 893 1111 μὲν
922 1058 1074 1114 κήδους
1110 1055 1239 1108 οὕτως
1265 1058 1385 1114 ἔσχεν
1411 1060 1435 1101 ὅ
1464 1061 1672 1114 αὐτοκρά-

192 1135 314 1176 (ζτωρ
333 1139 342 1150 ·
401 1124 539 1165 ἐλπίσι
567 1125 613 1166 δὲ
643 1131 779 1174 κεναῖς
806 1124 880 1167 τὸν
909 1128 987 1167 τοῦ
1015 1127 1196 1168 σουλτᾶν
1223 1125 1419 1180 λογισμὸν
1443 1125 1672 1180 ἅπαιωρεΐν
1689 1126 1727 1166 15

232 1189 318 1230 δεῖν
344 1188 639 1242 λογισάμενος,
667 1190 1047 1244 καταπεμψὰμενος
1083 1190 1155 1233 τὸν
1184 1183 1431 1246 Κουρτὺἶιον
1462 1194 1561 1244 μεθ’
1587 1188 1674 1232 ἑτέ-

232 1270 318 1306 ρων
345 1256 496 1308 τριῶν,
537 1255 781 1297 ἀποστέλλει
821 1255 994 1306 τούτους
1019 1259 1212 1311 πρέσβεις
1239 1255 1312 1298 καί
1334 1253 1587 1311 γράμματα,
1618 1255 1676 1297 δι’

232 1314 292 1360 ὧν
320 1318 394 1373 τὴν
420 1317 585 1374 εἰρήνην
611 1323 825 1376 ἐνέφαινεν
861 1318 1128 1373 ἀσπάζεσθαι
1147 1323 1219 1364 καί
1235 1322 1340 1377 πρὸς
1357 1322 1406 1365 τὰ
1435 1323 1674 1377 μηνυθέντα

231 1383 501 1438 κατανεύειν,
546 1387 734 1427 α’παιτῶν
775 1384 865 1440 ἅμα
894 1387 968 1428 καί
1007 1384 1135 1436 αὗτὸς
1166 1384 1253 1430 ἄλλ’
1283 1384 1390 1429 ἄττα
1414 1389 1487 1430 τοῦ
1513 1384 1672 1443 χρόνου

232 1449 470 1504 παράτασιν
498 1449 729 1505 εἰσάγοντα.
801 1449 918 1494 οὔπω
948 1453 985 1494 οἱ
1014 1455 1060 1495 ἐκ
1086 1456 1162 1495 τοῦ
1188 1454 1425 1505 Βυζαντίου
1454 1455 1672 1509 πεμφθέν-
1685 1474 1735 1500 20

232 1530 301 1566 τες
341 1518 537 1571 πρέσβεις
562 1515 635 1559 τὸν
663 1517 868 1573 Χορασοὶν
905 1520 1159 1573 κατέλαβον,
1190 1521 1262 1561 καί
1293 1517 1367 1574 τὴν
1391 1521 1469 1561 τοῦ
1494 1520 1677 1562 σουλτᾶν

330 1659 359 1683 1.
383 1648 560 1692 Πουζάνη
586 1649 628 1682 G.
722 1652 755 1685 3.
782 1651 860 1696 lege
885 1647 928 1685 τι)
953 1648 1057 1685 κατὰ.
1171 1652 1189 1684 5
1224 1653 1347 1696 λαβεῖν
1374 1650 1410 1684 C.
1502 1651 1537 1684 6.
1562 1650 1675 1698 ἐξῄτει

324 1696 416 1727 coni.
440 1696 509 1728 Iac.
535 1696 748 1730 Gronovius.
782 1727 787 1731 ,
846 1709 876 1742 7.
901 1698 1112 1745 προτοτόκῳ
1138 1698 1216 1739 PG,
1242 1703 1339 1731 recte
1362 1697 1398 1730 C.
1493 1697 1604 1733 αὐτοῦ
1632 1699 1675 1738 G,

326 1741 426 1787 αὐτῷ
451 1742 488 1777 Ρ,
603 1756 635 1789 9.
663 1744 864 1790 ἐπέτρεψεν
891 1745 932 1778 G.
1033 1756 1083 1777 10.
1110 1745 1188 1789 lege
1212 1745 1378 1793 γνώμην.
1498 1746 1548 1778 13.
1577 1743 1678 1791 αὐτῷ

325 1789 380 1828 G,
407 1788 524 1823 αὐτοῦ
548 1789 580 1821 P.
682 1793 732 1826 16.
761 1791 839 1836 lege
862 1791 1211 1839 μεταπεμψάμενος.
1331 1804 1382 1836 19.
1405 1789 1496 1824 ἄλλα
1522 1786 1568 1825 τὸ
1594 1792 1675 1832 PG,

323 1833 415 1869 ἄλλα
440 1847 478 1870 τε
501 1831 545 1870 τὰ
574 1836 610 1870 C.
636 1837 783 1870 correxi.
921 1849 977 1871 21.
1004 1832 1192 1885 Χορασάν
1218 1839 1266 1879 G,
1293 1831 1476 1884 Χοροσάν
1502 1839 1534 1872 Ρ.

230 1961 338 1996 quam
363 1951 439 1984 eius
467 1952 519 1984 rei
546 1957 670 1986 auctor
695 1963 740 1986 ex
759 1964 837 1986 mea
863 1954 1008 1998 quidem
1030 1953 1207 1987 sententia
1231 1963 1304 1985 non
1322 1953 1481 1984 Puzanus
1500 1956 1586 1990 erat,
1611 1951 1675 1984 sed

231 1997 394 2030 sultanus
433 1998 534 2042 ipse,
570 2000 634 2044 qui
670 1999 818 2035 insidias
853 2000 1111 2045 Apelchase'mo
1133 1999 1218 2032 strui
1244 2000 1405 2032 iusserat.
1429 1998 1602 2030 hactenus
1628 1997 1675 2030 de

229 2043 498 2088 Apelchasemo.
528 2046 741 2090 imperator,
776 2047 877 2079 lectis
913 2047 1044 2080 sultani
1070 2046 1220 2085 litteris,
1242 2056 1287 2077 ne
1315 2045 1499 2078 advertere
1526 2044 1674 2089 quidem

229 2091 387 2123 animum
415 2090 461 2124 ad
487 2103 550 2132 ea,
584 2104 677 2137 quae
713 2093 910 2137 significata
943 2093 1010 2126 sibi
1037 2098 1152 2133 erant,
1193 2092 1318 2124 voluit.
1346 2090 1526 2136 quomodo
1554 2091 1676 2124 enim?

232 2137 328 2181 regia
355 2137 478 2178 filiola,
505 2150 610 2183 quam
634 2139 733 2172 illius
760 2145 846 2172 natu
866 2140 1016 2172 maximo
1037 2140 1111 2171 filio
1129 2138 1347 2182 desponderi
1371 2137 1523 2182 epistola
1549 2143 1675 2182 postu-

231 2183 342 2226 labat,
365 2195 448 2217 sane
470 2191 546 2218 erat
563 2186 819 2227 infelicissima,
835 2192 874 2219 ut
899 2192 1058 2231 apparet,
1082 2187 1110 2218 si
1134 2186 1172 2218 in
1189 2185 1363 2218 Persidem
1390 2184 1559 2228 profecta,
1575 2184 1676 2227 regni

233 2230 326 2264 sacta
350 2236 444 2264 esset
471 2242 614 2265 consors
639 2233 762 2277 quavis
787 2238 944 2276 egestate
970 2232 1148 2268 tristioris.
1177 2231 1239 2264 sed
1265 2241 1384 2275 neque
1407 2229 1528 2263 divina
1553 2230 1593 2262 id·
1616 2231 1676 2265 lex

232 2276 387 2318 sinebat,
408 2288 526 2322 neque
542 2279 737 2323 imperator
752 2280 839 2312 haec
856 2281 905 2312 ita
932 2278 1150 2324 perficienda
1173 2277 1354 2318 censebat,
1381 2277 1438 2309 vel
1462 2277 1491 2311 si
1515 2277 1553 2309 in
1578 2288 1675 2310 sum-

231 2335 308 2356 mas
330 2324 511 2367 angustias
547 2336 602 2359 res
629 2337 715 2358 suae
753 2326 1008 2369 redigerentur.
1037 2325 1116 2358 risit
1137 2324 1246 2368 igitur
1269 2325 1397 2364 statim,
1417 2334 1496 2355 cum
1520 2323 1675 2367 primum

232 2371 370 2404 litteras
395 2371 553 2415 legeret,
588 2372 729 2408 barbari
765 2384 886 2417 spem,
921 2383 1026 2417 quam
1051 2383 1070 2403 a
1109 2371 1282 2416 daemone
1309 2372 1343 2404 ei
1367 2375 1566 2414 suggestam
1597 2381 1674 2402 esse

235 2417 388 2451 dicebat.
411 2417 475 2450 sed
500 2418 544 2451 de
570 2418 745 2451 affinitate
770 2420 855 2452 licet
870 2420 921 2452 ita
946 2420 1138 2463 imperator
1162 2418 1323 2457 sentiret,
1348 2422 1468 2449 tamen
1493 2416 1591 2450 inani
1613 2427 1676 2460 spe

233 2464 367 2497 sultani
395 2465 551 2500 animum
585 2465 757 2509 suspendi
793 2471 958 2510 oportere
985 2471 1079 2498 ratus
1097 2490 1106 2504 ,
1130 2464 1323 2497 Curticium
1350 2474 1430 2496 cum
1454 2462 1568 2496 tribus
1593 2462 1677 2495 aliis

234 2511 418 2544 arcessivit
434 2522 566 2556 eosque
591 2512 727 2556 legatos
746 2511 791 2544 ad
817 2523 897 2546 eum
923 2512 1020 2544 misit
1045 2522 1123 2543 cum
1145 2511 1289 2550 litteris,
1316 2509 1445 2554 quibus
1470 2509 1566 2553 pacis
1590 2519 1677 2542 con-

235 2557 410 2590 ditionem
434 2558 671 2591 libentissime
697 2569 734 2591 se
758 2559 918 2603 accipere
943 2557 1196 2602 postulataque
1222 2556 1419 2590 concedere
1445 2554 1677 2600 significabat3

237 2610 408 2647 expetens
433 2605 539 2637 simul
573 2610 609 2638 et
635 2605 710 2650 ipse
748 2606 819 2639 alia
845 2605 1040 2649 quaedam,
1067 2604 1198 2648 quibus
1225 2610 1362 2647 [empus
1387 2601 1587 2636 duceretur.
1613 2601 1678 2634 sed

237 2651 441 2697 priusquam
478 2652 647 2696 Byzantio
683 2652 780 2686 missi
819 2651 928 2696 legati
964 2651 1203 2685 Chorasanum
1245 2650 1512 2695 pervenissent,
1554 2647 1678 2683 audita
