1754 3086
146 117 149 119 ·
177 85 292 153 456
626 106 809 147 ANNAE
855 105 1149 148 coMNENAE

175 204 316 252 στείας
344 203 471 261 τούτῳ
503 206 722 259 προσῆκον,
752 206 886 259 α’γχοῧ
901 207 976 247 τοῦ
993 206 1216 258 βασιλικοῦ
1243 205 1399 260 θρόνου
1428 207 1494 262 ἐφ’
1522 204 1614 247 ἑκά-

173 286 274 322 τερα
302 271 480 314 ἵσταντο.
512 270 768 320 ὁέξιόθενόὲ
786 273 857 313 καί
873 270 915 322 ἐξ
946 270 1173 322 ευ’ωνύμων
1199 272 1333 325 ἕτεροι
1361 273 1612 313 καθίσταντο

172 331 445 376 ὑπασπισταί.
503 335 524 376 ὁ
559 337 604 377 δὲ
633 336 831 389 βασιλεὺς
859 337 929 378 ἐπὶ
952 335 1092 378 θώκου
1122 337 1302 391 φοβερὸς
1330 337 1610 392 προῦκάθητο,

171 400 221 440 οὖ
250 403 478 452 βασιλικῶς
506 403 751 454 ἐσταλμένος
780 405 938 455 μᾶλλον
967 399 992 456 ἢ
1019 404 1344 455 στρατιωτικῶς,
1376 403 1475 444 ου’δὲ
1504 402 1609 444 πολι)

168 469 385 520 μετέωρος,
414 465 533 507 ὁποῖα
561 465 610 508 τοὶ
641 469 796 508 ἐκείνου
814 467 870 521 μγ)
894 470 1117 522 ἐπηρμένοι.
1149 465 1306 521 χρυσός
1326 469 1371 509 δὲ
1402 463 1515 520 ὅμως
1541 468 1647 510 τόν5

167 531 320 583 θρόνον
347 528 588 587 ὖπήλειφεν,
607 531 930 587 ὖπερανεστήκει
954 548 998 573 τε
1028 531 1103 585 τήν
1133 532 1331 588 κεφαλήν.
1359 535 1611 575 συνέσταλτο
1717 547 1729 594 ³}

130 598 214 639 (ἰδὲ
243 595 391 638 τούτου
414 596 457 638 τὸ
479 595 728 654 ἐπισκύνιον,
758 598 832 652 την
851 600 897 639 δὲ
917 597 1094 651 παρειιὶν
1123 600 1316 640 ε’πιπλέον
1335 598 1424 640 τότε
1449 597 1472 639 ὅ
1496 597 1610 651 α’γών

164 663 467 717 κατεφοίνισσε,
495 661 544 705 τοὶ
576 665 622 704 δὲ
639 659 808 716 ὄμματα
838 665 1045 718 πεπηγότα
1066 662 1136 704 ἐπὶ
1159 665 1349 713 συννοίας
1370 665 1443 705 καί
1470 661 1606 719 πλήρη

163 728 474 782 ἐνθυμημάτων
499 728 814 785 ὗπεμφαίνοντα
841 728 915 783 την
937 727 1093 782 ψυχήν.
1136 730 1336 771 συνέθεον
1364 731 1410 772 δὲ
1427 726 1608 778 ἅπαντες

164 793 272 846 ὁμοῦ
293 797 573 850 πεφοβημένοι
603 797 674 837 καί
699 794 772 843 τὰς
801 794 946 848 ψυχάς
973 797 1128 849 μικροῦ
1156 797 1197 844 ἐς
1225 798 1331 849 α’έρα
1359 794 1442 837 ὑπὸ
1474 794 1606 852 φόβου
1625 809 1670 836 ιο

162 859 458 913 ἑξερεὺξασθαι
479 859 789 914 ἐκβιαζόμενοι,
820 864 899 903 τῶν
925 865 1003 914 μὲν
1032 859 1222 915 ὀξύτερον
1250 865 1399 914 βέλους
1421 860 1503 902 ὑπὸ
1535 862 1608 916 τῆς

162 927 283 978 σφῶν
313 927 588 980 συνειδήσεως
627 928 931 979 κεντουμένων,
959 929 1039 968 τῶν
1068 929 1114 968 δὲ
1144 926 1219 982 τήν
1246 927 1393 981 καινήν
1419 925 1608 980 ’ὗποψιάν

162 989 372 1032 δεδιότων.
404 990 521 1046 φωνὴ
542 994 589 1033 δέ
610 1009 671 1041 τις
689 998 787 1046 παρ’
812 992 979 1041 οὐδενὸς
1002 992 1222 1047 ἐξηκούετο,
1240 993 1328 1034 ἀλλ’
1350 995 1488 1041 α’τενὲς
1507 993 1608 1047 πρὸς

160 1054 230 1096 τὸν
259 1057 515 1111 ἐφεστηκότα
557 1060 609 1114 τῇ
652 1055 760 1114 πύλῃ
788 1061 859 1112 τῆς
887 1060 1039 1112 σκηνῆς
1067 1060 1334 1108 α’πονεύοντες
1362 1061 1606 1115 ἐπτοημένοι

162 1118 397 1174 ἑστήκεσαν.
465 1121 572 1177 α’νὴρ
613 1124 659 1164 δὲ
687 1119 811 1172 οὗτος
848 1123 919 1165 καὶ
944 1127 1072 1165 εἰπεῖν
1099 1123 1267 1173 συνετὸς
1301 1124 1372 1165 καί
1397 1123 1669 1179 ammaoni-15
1719 1164 1730 1176 ,

162 1190 317 1238 ξασθαι
344 1188 545 1237 δυνατός·
606 1189 792 1239 Τατίκιος
821 1190 953 1247 τούτῳ
1001 1190 1047 1231 τὸ
1080 1186 1223 1242 ὄνομα.
1279 1190 1406 1247 τούτῳ
1435 1191 1455 1229 ὁ
1482 1193 1606 1243 βασι-

161 1251 258 1300 λεὺς
287 1254 536 1307 ἑνατενίσας,
567 1255 713 1296 δοῦναι
729 1261 816 1304 τοῖς
836 1254 991 1306 ἔξωθεν
1017 1254 1087 1311 τὴν
1105 1255 1267 1297 εἴσοδον
1297 1254 1365 1297 διὰ
1388 1257 1458 1298 τοῦ
1478 1256 1605 1309 βλέμ-

117 1329 288 1369 Βματος
321 1320 527 1374 ἐνέφηνεν.
558 1319 581 1360 ὅ
611 1322 657 1361 δὲ
685 1323 948 1375 παραχρῆμα
975 1323 1045 1375 τῆς
1079 1319 1246 1363 εἰσόδου
1279 1322 1441 1370 τούτοις
1469 1337 1603 1376 παρα-

155 1389 300 1439 χωρεῖ.
374 1383 414 1425 οἱ
445 1387 491 1426 δὲ
524 1386 671 1439 καίπερ
701 1386 893 1439 δεδιότες,
938 1387 1027 1428 α’λλ’
1056 1383 1169 1439 ὅμως
1198 1388 1403 1443 εἰσῄεσαν,
1433 1402 1601 1440 τετρεμ-

159 1452 278 1501 μένοι
307 1465 350 1491 τε
379 1449 456 1499 τάς
494 1445 616 1504 ὄψεις
644 1454 715 1493 καί
752 1454 911 1506 βραδεῖ
934 1453 1032 1493 ποδί
1072 1453 1312 1506 στείχοντες.
1369 1452 1469 1494 κατὰ
1494 1455 1599 1494 στοί-
1613 1466 1666 1494 20
1723 1502 1726 1503 ⁷

158 1531 264 1568 χους
293 1517 340 1557 δὲ
365 1515 440 1570 την
467 1517 613 1558 στάσιν
642 1518 856 1570 λαχόντες,
887 1516 1165 1572 ἐκαροδόκουν
1191 1517 1234 1559 τὸ
1256 1522 1405 1571 μέλλον
1432 1517 1602 1567 ἕκαστος

160 1580 335 1632 δεδιώς,
380 1581 436 1630 ὥς
472 1581 538 1624 τὸν
580 1582 679 1637 περὶ
718 1585 859 1636 ψυχῆς
887 1584 1075 1624 λοίσθιον
1117 1580 1273 1638 δρόμον
1303 1583 1600 1637 δραμούμενος.

159 1649 248 1689 ἀλλ’
274 1648 372 1688 ου’δὲ
412 1647 542 1697 αὐτὸς
586 1647 607 1689 ό
641 1647 910 1705 αὐτοκράτωρ
952 1647 1128 1705 ἐθάρρει
1162 1642 1425 1692 παντάπασιν
1446 1682 1457 1701 ,
1490 1652 1601 1706 (κατ’

259 1803 285 1823 ι.
312 1791 410 1838 αὐτῷ
436 1792 506 1825 CG.
625 1794 656 1825 3.
686 1793 849 1839 φοβεροῦ
867 1794 908 1827 G.
1034 1794 1068 1837 4.
1094 1794 1188 1841 μηδὲ
1212 1796 1283 1828 CG.
1428 1798 1460 1831 5.
1487 1797 1597 1841 ἐπηρ-

250 1842 364 1884 μένου
393 1840 433 1872 G.
549 1841 583 1873 6.
615 1839 692 1884 lege
717 1841 928 1886 ὑπείληφεν.
1055 1853 1104 1874 ιο.
1132 1835 1203 1876 ὑπὸ
1238 1841 1500 1888 ἐξερεύξασθαι
1525 1844 1597 1889 φό-

249 1889 315 1929 βου
340 1886 378 1927 Ρ,
400 1892 494 1921 recte
514 1887 585 1920 CG.
714 1899 763 1920 ιι.
789 1889 1003 1935 βιαζόμενοι
1027 1889 1098 1922 CG.
1226 1892 1274 1923 15.
1304 1886 1438 1926 συνετὰ
1460 1910 1507 1917 --
1532 1891 1596 1926 δυ-

251 1927 346 1967 νατὰ
382 1933 424 1966 G.
525 1945 577 1979 ¹7·
605 1934 672 1975 ἔξω
696 1934 766 1968 CG.
869 1947 918 1982 ¹9·
944 1936 1020 1983 lege
1045 1939 1300 1983 τετραμμένοι.

158 2055 328 2095 excelsus,
353 2061 394 2089 ut
415 2062 549 2090 statura
578 2058 675 2092 haud
700 2071 846 2104 procera
879 2068 963 2095 erat.
1011 2073 1225 2108 quamquam
1255 2074 1341 2095 auro
1366 2067 1441 2096 erat
1464 2062 1594 2096 solium

157 2101 421 2145 circumdatum,
450 2110 486 2137 et
508 2106 584 2150 ipse
612 2108 903 2151 supereminebat
921 2109 1050 2153 capite.
1101 2110 1290 2154 supercilia
1317 2110 1390 2142 eius
1415 2115 1595 2143 contracta

156 2154 276 2189 erant,
304 2160 414 2193 genae
443 2150 490 2183 ob
527 2153 636 2185 animi
665 2155 941 2188 'contentionem
977 2157 1084 2190 solito
1113 2156 1407 2196 rubicundiores,
1433 2156 1527 2190 oculi
1554 2157 1594 2189 in

155 2196 370 2239 cogitatione
410 2196 518 2230 defixi
549 2199 775 2245 animumque
809 2203 1036 2236 consiliorum
1075 2204 1219 2248 plenum
1243 2202 1447 2247 prodentes.
1507 2214 1593 2236 con-

154 2242 345 2276 currebant
371 2246 489 2277 cuncti
528 2247 660 2290 pariter
694 2249 878 2282 conterriti
903 2255 939 2282 et
975 2262 1056 2294 prae
1085 2256 1181 2283 metu
1206 2256 1342 2283 tantum
1366 2261 1440 2282 non
1465 2250 1592 2283 exani-

152 2299 239 2328 mes,
263 2290 396 2334 quippe
421 2292 483 2336 qui
504 2294 632 2336 partim
654 2296 872 2328 conscientia
899 2297 1022 2329 aculeo
1048 2298 1160 2330 acrius
1186 2303 1438 2341 pungerentur,
1463 2297 1592 2341 partim

151 2346 279 2368 novam
304 2337 471 2371 timerent
493 2341 741 2383 suspicionem.
771 2353 836 2375 nec
860 2343 932 2375 ulla
949 2355 1017 2376 vox
1043 2355 1060 2375 a
1089 2355 1269 2389 quoquam
1287 2343 1509 2383 audiebatur,
1529 2343 1591 2376 sed

151 2382 271 2425 pavidi
294 2383 448 2424 stabant,
471 2385 618 2419 intentis
643 2389 680 2419 in
706 2388 929 2422 tabernaculi
955 2396 1078 2434 portae
1097 2390 1283 2423 custodem
1306 2390 1429 2423 oculis.
1457 2395 1531 2423 erat
1559 2391 1590 2423 is

150 2429 323 2471 Taticius‚
350 2431 403 2464 vir
426 2437 462 2464 et
489 2433 637 2466 consilio
662 2435 817 2478 prudens
851 2442 888 2469 et
912 2448 1016 2469 manu
1044 2443 1230 2470 strenuus:
1267 2449 1371 2482 quem
1397 2448 1475 2469 cum
1499 2441 1591 2470 nutu

150 2476 313 2510 iussisset
340 2478 535 2523 imperator
559 2491 631 2520 em,
656 2482 718 2525 qui
746 2482 832 2515 foris
857 2489 984 2523 essent,
1021 2484 1115 2517 intro
1141 2484 1338 2523 admittere,
1364 2483 1520 2516 intrandi
1545 2484 1590 2516 iis

151 2523 321 2557 continuo
348 2530 561 2569 potestatem
588 2526 697 2560 dedit.
747 2529 814 2568 illi,
841 2531 1069 2573 quantumvis
1095 2530 1237 2575 trepidi,
1264 2537 1383 2563 tamen
1405 2530 1588 2570 introiere,

150 2570 298 2603 confuso
325 2572 427 2605 vultu
450 2577 487 2606 et
514 2573 608 2618 pede
632 2575 892 2609 cunctabundo.
952 2589 1034 2610 mox
1061 2577 1186 2611 ordine
1214 2577 1392 2616 collocati,
1417 2575 1505 2622 quid
1528 2577 1588 2610 fu-

150 2621 265 2649 turum
295 2624 399 2659 esset,
422 2620 673 2664 exspectabant
686 2622 802 2654 animo
827 2624 944 2664 anxio,
973 2630 1142 2669 tanquam
1169 2624 1213 2658 de
1238 2625 1312 2658 vita
1338 2623 1585 2669 periclitaturi.

148 2674 213 2696 nec
236 2675 319 2699 vero
344 2665 539 2711 imperator
574 2668 651 2713 ipse
685 2668 793 2714 plane
821 2681 948 2703 vacuus
985 2676 1060 2704 erat
1084 2677 1206 2712 metu,
1247 2670 1466 2717 (humanitus
1493 2669 1586 2710 dieo,
