1754 3086
238 119 305 157 XX
680 118 935 159 LUDOVICI
977 117 1233 159 SCHOPENI

239 212 516 275 priusquam
554 210 819 257 Hoeschelii
853 211 998 256 editio
1036 212 1087 257 in
1119 212 1273 257 lucem
1309 209 1552 273 prodiret,
1584 210 1670 258 de-

240 293 489 354 scripserat
518 292 588 338 vii·
609 292 668 338 de
702 293 776 338 his
811 294 976 338 litteris
995 294 1176 355 optime
1205 293 1416 352 moritus,
1449 292 1672 339 Martinus

241 373 444 433 Crusius,
480 374 563 436 qui
597 374 839 437 Tubingae
875 374 1122 437 quondam
1157 374 1493 436 philologicam
1530 373 1672 420 disci-

238 456 418 516 plinam
453 455 781 517 profitebatur.
852 455 992 502 Cuius
1027 455 1317 518 marginibus
1350 455 1458 501 libri
1493 454 1672 502 adscri-

238 545 347 598 ptae
415 553 611 599 quoque
670 547 802 583 erant
864 538 1074 583 eiusdem
1136 537 1435 583 coniecturae
1490 537 1673 599 aliquot

237 626 486 680 textusque
516 620 885 681 complementa:
924 636 978 664 ex
1003 619 1175 681 quibus
1198 635 1301 681 ⁰307
1337 634 1459 680 quae
1492 619 1671 680 proba-

238 699 352 744 bilia
389 699 688 760 videhantui·‚
722 717 808 746 suo
845 701 953 746 loeo
990 700 1375 746 commemoravi.

369 782 590 844 Denique
635 783 821 828 silentio
868 781 1268 844 praetereundum
1318 798 1417 827 non
1464 790 1533 826 est
1563 781 1671 827 Fra-

236 873 483 926 gmentum
534 863 766 909 Alexiadis
821 865 1091 926 parvulum,
1145 861 1278 925 quod
1344 862 1671 909 emendandae

238 945 523 991 praefationi
569 944 781 991 adhibui.
866 945 1011 1003 Quod
1057 946 1413 1007 Fragmentum,
1457 945 1551 990 iam
1587 946 1671 990 Fa-

236 1027 389 1072 bricio
441 1026 559 1072 Bibl.
610 1026 772 1072 Graec.
821 1027 918 1072 Vol.
948 1027 1038 1072 VII.
1084 1043 1130 1088 p.
1165 1030 1273 1073 727.
1320 1043 1672 1072 commemora-

233 1116 364 1168 tum,
414 1117 559 1154 exstat
600 1109 650 1154 in
694 1109 1018 1154 Bibliothecae
1048 1109 1286 1154 Parisinae
1328 1107 1494 1154 codice
1528 1108 1672 1153 bom-

234 1192 428 1253 bycino,
460 1190 574 1236 olim
603 1189 893 1236 Colbei'tino.
925 1190 1117 1236 Initium
1149 1199 1332 1236 tantum
1364 1189 1673 1237 Praefationis

234 1274 449 1319 continet
494 1289 646 1335 usque
692 1272 753 1318 ad
794 1273 939 1317 verba
973 1268 1072 1315 ὅσα
1109 1273 1135 1323 ἡ
1171 1273 1349 1333 φύσις,
1393 1288 1516 1334 quae
1557 1288 1604 1334 p.
1623 1269 1672 1331 4,

239 1351 312 1399 14.
345 1353 418 1400 ed.
462 1362 608 1400 nostr.
651 1354 884 1416 leguntur.
962 1353 1091 1399 Hanc
1137 1353 1442 1398 collationem
1491 1368 1518 1398 a
1562 1352 1671 1400 Nie-

232 1435 431 1496 hubi-io,
475 1436 576 1482 viro
621 1435 1049 1495 desideratissimo,
1084 1435 1260 1497 accepi.

365 1517 626 1563 Recensitis
658 1516 906 1562 codicibus
940 1516 1019 1576 iis,
1051 1517 1226 1578 quibus
1259 1516 1327 1561 uti
1364 1516 1485 1562 mihi
1516 1516 1670 1561 conti-

227 1599 325 1661 git,
372 1614 473 1644 non
507 1598 715 1643 alienum
753 1597 970 1657 videtur,
1006 1597 1147 1642 etiam
1183 1597 1421 1659 reliquos,
1456 1614 1667 1659 quorum

231 1679 527 1725 mentionem
581 1679 630 1724 in
680 1680 865 1741 seriptis
901 1677 1196 1724 eruditorum
1243 1679 1433 1738 inveni,
1465 1679 1672 1724 breviter

230 1762 312 1808 hie
341 1777 736 1808 commemorare.
807 1761 875 1806 De
906 1759 1071 1806 codice
1102 1760 1366 1820 Tolosano,
1401 1776 1541 1822 supra
1575 1760 1669 1806 iam

231 1844 424 1903 monui,
479 1859 587 1888 eum
644 1859 698 1887 ex
753 1843 901 1888 oculis
955 1858 1140 1904 usuque
1185 1828 1439 1887 hominum
1485 1840 1669 1887 dudum

233 1925 491 1970 evanuisse.
562 1924 650 1969 Iac.
689 1924 905 1970 Cuiacius
936 1923 1057 1969 duos
1088 1932 1300 1982 tantum,
1337 1922 1471 1984 quod
1505 1923 1669 1983 sciam,

230 2006 363 2053 locos
394 2005 508 2051 inde
541 2006 757 2068 protulit,
782 2006 843 2051 ad
878 2005 1072 2051 Institut.
1108 2005 1160 2049 ΙΙ.
1185 2009 1223 2048 1.
1259 2008 1296 2055 §.
1318 2000 1425 2064 24„
1460 2011 1667 2066 quorum

230 2104 353 2134 unus
395 2097 464 2133 est
509 2087 617 2132 libri
652 2088 683 2131 1.
723 2090 764 2131 7.
802 2104 848 2149 p.
868 2084 950 2147 40,
987 2086 1239 2144 11—16.,
1282 2085 1398 2131 alter
1428 2085 1538 2130 libri
1555 2085 1666 2130 XIV.

230 2166 409 2231 psfflss‘.
432 2170 480 2214 Β.
529 2168 855 2220 σκολιώτατος
895 2194 960 2201 —
1001 2168 1292 2225 ποιούμενος.
1374 2166 1428 2212 In
1460 2175 1668 2228 utroque

231 2251 338 2295 loco
384 2252 511 2296 nulla
556 2251 814 2312 scripturae
857 2250 1099 2296 diversitas
1137 2249 1283 2307 inest,
1328 2248 1418 2293 nisi
1455 2247 1589 2310 quod
1619 2248 1667 2293 in

231 2332 391 2394 priore
446 2349 533 2394 pro
588 2331 941 2376 καταλείπουσι
1002 2330 1171 2392 legitur
1223 2329 1666 2388 καταλιμπάνουσι.

233 2413 394 2475 anue
430 2413 570 2459 lectio
604 2414 716 2458 huic
751 2413 907 2459 codici
942 2412 1135 2474 propria
1171 2419 1268 2455 est:
1302 2409 1432 2455 unde
1466 2411 1541 2456 vix
1575 2409 1665 2456 du-

230 2495 365 2540 bium
401 2496 628 2555 arbitror,
663 2495 782 2557 quin
813 2511 839 2540 a
872 2494 1004 2539 libris
1016 2530 1030 2553 7
1083 2509 1205 2554 quos
1241 2492 1475 2551 novimus,
1508 2492 1666 2537 omni-

231 2578 320 2622 bus
349 2578 610 2622 Tolosanus
643 2577 783 2622 fuerit
817 2576 1037 2622 diversus.
1090 2576 1242 2636 Atque
1278 2573 1328 2618 id
1363 2574 1537 2619 certius
1571 2573 1666 2621 for-

231 2666 350 2703 tasse
387 2668 646 2720 constaret,
689 2659 726 2704 si
759 2657 971 2704 eiusdem
1006 2656 1186 2703 codicis
1220 2656 1378 2701 locum
1414 2655 1560 2705 alium>
1589 2654 1662 2700 in—
1727 2660 1731 2667 ’
