1754 3086
249 65 357 120 332
703 85 886 128 ANNAE
920 87 1212 132 coMNmAE

248 198 370 224 τινων
413 181 619 238 λογάδων,
669 185 989 242 κατασκοπήσων
1031 186 1108 236 τάς
1154 186 1413 244 βαρβαρικὰς
1461 186 1673 241 δυνάμεις.

248 245 357 302 δρῶν
385 249 430 290 δὲ
458 247 503 290 τὸ
533 251 689 305 πλῆθος
714 254 793 294 τῶν
822 255 1015 305 Σκυθῶν,
1042 251 1255 310 ἐσφάδαζε
1283 255 1360 308 μὲν
1389 252 1464 309 τήν
1491 257 1675 307 συμπλο-

247 312 322 367 κήν
366 315 439 355 τοῦ
473 317 671 369 πολέμου,
716 316 960 370 ἀνεβάλλετο
997 319 1065 370 δέ,
1101 317 1175 374 τήν
1202 318 1437 373 Ῥωμαϊκὴν
1473 317 1677 374 στρατιὰν

247 379 455 421 κατανοῶν
495 381 601 436 μηδὲ
638 379 684 423 τὸ
712 382 937 425 πολλοστὸν
977 382 1194 434 σώζουσαν
1229 387 1300 438 τῆς
1342 387 1424 426 τῶν
1449 386 1676 439 βαρβάρων
1730 410 1735 443 2

207 444 473 497 Βδυνάμεως.
555 447 794 490 ἐπανελθών
831 451 877 490 δὲ
925 447 1027 501 μετὰ
1068 452 1147 491 τῶν
1183 449 1366 504 λογάδων
1399 454 1473 493 τοῦ
1519 447 1713 500 ‹initu-5

246 512 322 550 κοῦ
356 509 509 561 παντὸς
555 511 627 554 καί
671 515 798 555 αὐτοῦ
835 516 908 556 τοῦ
955 515 1192 570 ’[ωαννιοὶκη
1231 517 1499 570 διεσκοπεῖτο,
1531 517 1570 558 εἰ
1592 514 1677 570 χρὴ

246 578 495 630 προσβαλεῖν
530 582 616 627 τοῖς
653 579 853 627 Σκύθαις.
915 582 996 620 τῶν
1036 582 1081 621 δὲ
1131 579 1235 635 πρὸς
1273 583 1395 622 τοῦτο
1433 579 1678 635 ἑποτρυνὸν-

245 657 347 693 των,
387 643 480 684 ἐπεὶ
528 644 602 684 καί
634 644 757 691 αύτός
799 647 954 696 μᾶλλον
992 644 1096 699 πρὸς
1145 648 1264 688 τοῦτο
1301 646 1557 700 κατάρροπος
1604 642 1676 701 ἦν,

243 709 364 762 τριχῆ
403 706 551 750 διελών
592 708 668 757 τὰς
709 707 910 762 δυνάμεις
953 712 1025 751 καί
1061 709 1104 752 τὸ
1135 712 1324 753 ἐνυάλιον
1352 712 1511 766 η’χῆσαι
1537 710 1678 754 κελεύ-

244 788 341 825 σας,
382 775 654 828 ξυμμίγνυται
697 781 782 823 τοῖς
823 774 1066 831 βαρβάροις.
1134 779 1279 818 πολλοὶ
1319 780 1396 830 μὲν
1440 773 1514 819 οὖν
1564 793 1676 830 τηνι-
1695 798 1721 823 ιι

244 842 378 881 καῦτα
408 840 638 893 τρωθέντες
666 843 889 894 πίπτουσι,
920 844 1143 884 κτείνονται
1177 844 1222 884 δὲ
1252 845 1332 896 οὐχ
1359 839 1516 897 ἥττους.
1572 844 1676 886 duo}

243 902 317 944 καί
360 903 483 954 αύτὸς
539 902 559 946 ὃ
606 905 782 960 Τζελγοὺ
838 908 1034 960 γενναίως
1064 906 1302 962 μαχόμενος
1344 907 1416 950 καὶ
1441 906 1542 958 ὅλας
1582 925 1680 951 συν..

242 967 460 1023 ταράσσων
487 971 722 1027 φάλαγγας,
752 975 917 1026 καιρίαν
955 975 1123 1027 πληγείς
1166 972 1380 1030 α’φῄρηται
1422 973 1497 1029 τὴν
1522 975 1680 1030 ψυχήν.

244 1035 283 1077 οἱ
310 1038 476 1085 πλείους
506 1038 551 1077 δὲ
580 1039 623 1078 ὲν
652 1040 710 1092 τῷ
730 1039 899 1093 φεύγειν
919 1039 1131 1087 πίπτοντες
1159 1041 1218 1088 εἰς
1237 1039 1308 1082 τὸν
1337 1036 1571 1092 ἇναμεταξῦ
1604 1042 1683 1082 τοῦ

205 1104 496 1154 (Ξκαλουμὲνου
516 1104 733 1144 Σκοτεινοῦ
761 1105 835 1145 καί
856 1106 935 1145 τοῦ
955 1103 1104 1160 Κούλη
1135 1102 1289 1161 ῥύακα,
1318 1107 1582 1160 α’πεπνίγοντο
1610 1105 1679 1146 ὑπ’
1698 1114 1727 1152 1!

243 1165 430 1222 ἀλλήλων
458 1167 804 1221 συμπατούμενοι.
836 1169 1035 1225 λαμπρὰν
1061 1173 1200 1212 τοίνυν
1229 1169 1306 1225 τὴν
1337 1170 1438 1213 κατὰ
1466 1172 1547 1213 τῶν
1575 1173 1682 1212 Σκυ-

241 1235 332 1274 θῶν
364 1235 476 1287 νίκην
504 1233 706 1287 α’ράμενοι
733 1233 772 1275 οἱ
799 1236 874 1276 τοῦ
901 1238 1118 1289 βασιλέως,
1147 1236 1339 1291 εἰσῆλθον
1367 1238 1425 1284 εἰς
1450 1236 1525 1290 τήν
1550 1252 1681 1291 μεγα-

241 1297 421 1339 λόπολιν.
496 1297 652 1353 δωρεάς
682 1299 728 1341 δὲ
770 1302 842 1341 καί
866 1298 989 1352 τιμὰς
1017 1299 1098 1341 α’πὸ
1139 1302 1211 1343 τοῦ
1239 1303 1442 1353 βασιλέως
1474 1299 1683 1354 δεξάμενοι

242 1363 348 1405 κατὰ
372 1362 415 1405 τὸ
443 1362 663 1418 α’νάλογον,
705 1365 976 1420 ὑπέστρεψαν
1016 1365 1119 1419 μετά
1159 1368 1237 1407 τοῦ
1264 1369 1486 1420 τηνικαῦτα
1514 1382 1681 1421 προχει-

243 1430 455 1483 ρισθέντος
478 1427 661 1483 μεγάλου
692 1431 931 1482 δομεστίκου
961 1432 1030 1486 τῆς
1060 1429 1216 1480 δύσεως
1239 1432 1465 1487 Ἀδριανοῦ
1495 1434 1570 1474 τοῦ
1594 1434 1680 1474 Ko·
1692 1449 1734 1476 2(

242 1497 401 1550 μνηνοῦ
428 1494 500 1536 καί
531 1496 795 1551 αύταδέλφου
817 1499 891 1538 τοῦ
918 1497 1232 1551 αὐτοκράτορος.

355 1578 394 1603 2.
457 1557 577 1603 Οὕτω
618 1563 664 1603 δὲ
691 1564 771 1603 ταῖν
811 1561 910 1604 κατὰ
943 1565 1216 1605 Μακεδονίαν
1249 1563 1322 1605 καί
1351 1562 1680 1606 Φιλιππούπολιν

342 1696 370 1718 ι.
397 1684 689 1726 κατασκοπὴσων
713 1683 758 1725 C,
784 1683 982 1727 σκοπὴσων
1009 1683 1075 1718 PG.
1172 1687 1202 1730 4.
1227 1681 1266 1719 τὸ
1296 1695 1363 1717 om.
1393 1685 1435 1719 G.
1548 1686 1581 1719 6.
1604 1685 1680 1720 ’Im-

339 1734 517 1766 αννακίου
543 1731 580 1772 C,
601 1730 828 1766 Ἰωαννικίου
854 1732 896 1766 G.
991 1743 1023 1776 9.
1049 1725 1115 1769 τὰς
1138 1726 1394 1778 δυνάμειςετό
1421 1730 1626 1778 στράτευμα
1640 1733 1679 1765 Α.

336 1777 515 1822 ἐνηχῆσαι
539 1778 580 1810 G.
722 1789 771 1810 ιι.
796 1773 887 1811 ἀλλὰ
914 1778 995 1811 add.
1018 1778 1058 1810 A.
1212 1781 1261 1814 16.
1286 1772 1351 1821 τὴν
1372 1789 1442 1811 om.
1466 1780 1506 1811 A.
1630 1790 1680 1823 ¹7·

337 1826 376 1858 οἱ
395 1825 471 1870 τοῦς
482 1825 661 1868 βασιλέως
686 1835 753 1857 om.
782 1824 818 1857 C.
963 1827 1012 1860 18.
1038 1823 1078 1859 δὲ
1096 1834 1164 1860 om.
1190 1825 1233 1859 G.
1363 1835 1418 1858 20.
1443 1829 1509 1861 τοῦ
1536 1824 1616 1859 add.
1640 1827 1680 1859 Δ.

339 1881 395 1906 22.
426 1872 530 1906 οὑτοι
554 1872 644 1906 coni.
667 1871 953 1916 Diesterwegius.

248 1983 395 2023 tudine,
418 1982 591 2028 flagrabat
625 1983 770 2028 quidem
805 1983 999 2017 dimicandi
1027 1983 1246 2028 cupiditate,
1281 1983 1345 2017 sed
1371 1982 1602 2017 cunctabatur
1625 1987 1682 2016 ta-

246 2041 351 2071 men,
376 2041 456 2062 cum
487 2031 681 2062 Romanum
723 2031 917 2064 exercitum
942 2041 987 2064 ne
1011 2030 1157 2063 minimo
1190 2029 1334 2075 quidem
1358 2029 1588 2064 barbarorum
1612 2041 1682 2062 nu-

246 2088 345 2110 mero
372 2087 491 2121 parem
519 2088 594 2110 esse
617 2077 766 2110 videret.
786 2088 945 2111 reversus
972 2088 1051 2110 cum
1077 2076 1342 2110 centurionibus
1366 2078 1477 2110 totius
1506 2076 1682 2109 exercitus

249 2129 285 2157 et
308 2124 386 2169 ipso
410 2123 626 2156 Iohanniace
655 2124 879 2165 deliberavit,
905 2135 997 2157 anne
1022 2124 1161 2169 aggredi
1177 2123 1324 2166 Scythas
1349 2123 1575 2156 conduceret.
1601 2123 1682 2168 qui-

246 2171 314 2204 bus
338 2170 513 2215 proelium
539 2170 797 2211 suadentibus,
832 2183 910 2204 cum
937 2177 972 2204 et
995 2171 1073 2216 ipse
1097 2170 1143 2204 ad
1166 2170 1235 2203 hoc
1258 2171 1376 2215 potius
1398 2181 1596 2215 propensus
1625 2179 1682 2202 es-

247 2222 320 2256 set,
350 2217 462 2262 copiis
485 2218 523 2249 in
545 2222 616 2250 tres
644 2223 761 2262 partes
796 2218 943 2258 divisis,
976 2217 1147 2250 bellicum
1182 2218 1260 2250 cani
1301 2217 1405 2250 iussit
1441 2222 1477 2250 et
1508 2216 1681 2249 barbaros

247 2264 393 2297 adortus
423 2268 487 2297 est.
527 2264 632 2297 multi
665 2276 706 2297 eo
735 2270 895 2309 tempore
918 2265 1097 2298 vulnerati
1132 2269 1232 2305 sunt,
1265 2274 1331 2296 nec
1357 2264 1543 2308 pauciores
1568 2262 1682 2304 caesi3

248 2311 338 2355 quin
362 2311 440 2355 ipse
465 2309 598 2354 Tzelgu
613 2335 624 2351 ,
646 2317 833 2356 postquam
858 2312 1001 2345 fortiter
1026 2322 1186 2355 pugnans
1223 2315 1315 2343 totas
1344 2309 1568 2343 conturbavit
1591 2308 1683 2354 pha-

246 2357 389 2401 langes,
419 2356 545 2389 lethali
575 2357 721 2390 vulnere
755 2364 924 2402 accepto,
948 2359 1101 2391 animam
1137 2357 1291 2398 efflavit:
1317 2357 1481 2402 plerique
1505 2356 1683 2400 fugientes

246 2404 285 2437 in
317 2404 428 2436 rivum
455 2403 600 2436 Scotino
637 2404 698 2448 qui
726 2405 857 2437 dicitur
881 2410 918 2437 et
944 2405 1031 2438 Cule
1059 2404 1214 2438 medium
1243 2403 1424 2448 prolapsi,
1456 2405 1684 2442 suffocantur,

247 2456 268 2483 a
294 2461 331 2483 se
354 2450 503 2483 invicem
539 2451 748 2483 conculcati.
781 2450 968 2495 splendida
1004 2452 1111 2495 igitur
1140 2450 1184 2483 de
1214 2450 1352 2493 Scythis
1390 2450 1537 2483 victoria
1560 2459 1684 2494 repor-

246 2502 333 2535 tata,
362 2497 507 2529 Romani
533 2496 655 2529 urbem
683 2498 915 2541 repetierunt.
949 2497 1012 2530 ubi
1038 2510 1115 2530 cum
1140 2508 1286 2531 munera
1313 2501 1422 2542 atque
1439 2496 1592 2529 honores
1617 2505 1682 2539 pro

247 2544 375 2576 merito
401 2543 444 2575 ab
478 2544 690 2588 imperatore
722 2545 964 2587 accepissent,
999 2555 1077 2576 cum
1106 2555 1231 2588 magno
1273 2543 1466 2576 domestico
1490 2541 1683 2575 occidentis

247 2601 362 2636 nuper
388 2596 527 2631 creato,
553 2589 708 2623 Adriano
732 2590 937 2630 Comneno,
961 2591 1184 2634 imperatoris
1209 2590 1339 2630 fratre,
1370 2589 1561 2622 redierunt.

341 2647 370 2668 α.
398 2637 456 2670 Illi
473 2636 540 2670 hoe
557 2636 663 2671 modo
693 2647 736 2670 ex
761 2635 970 2671 Macedonia
988 2643 1097 2682 atque
1111 2636 1351 2682 philippopoli
1376 2636 1502 2670 vicinis
1525 2633 1683 2679 regioni-
