1754 3086
196 81 311 148 444
661 106 844 147 ANNAE
884 107 1180 150 coMNENAE

195 199 240 242 τό
271 201 319 242 δέ
346 216 388 242 τι
425 217 495 243 και
525 200 622 252 τούς
659 207 777 255 νέους
817 204 927 262 ὁρῶν
966 209 1074 249 κατά
1111 224 1155 250 τε
1195 209 1386 263 σώματος
1422 230 1538 268 w9av
1573 218 1650 257 και

196 263 344 322 ῥώμην
373 269 651 324 διαφέροντας
680 274 761 313 τῶν
790 274 978 327 πολλῶν,
1018 272 1271 327 χνοάζοντας
1306 295 1335 330 μ
1347 280 1385 318 “ν
1424 295 1494 321 και
1528 281 1646 336 ἄρτι-

197 338 322 389 φυεῖς
351 331 394 375 τὸ
426 336 605 392 γένειον,
634 333 823 392 ὑψηλούς
851 356 919 381 και
950 341 1197 394 ισομέτρους
1215 339 1352 399 ὥσπερ
1381 342 1461 386 ὕπὸ
1490 347 1644 389 κανόνα

195 398 240 441 τό
271 401 458 454 μέγεθος,
488 417 558 442 και
589 402 692 445 αὐτὸ
723 405 770 445 τὸ
809 406 1021 460 νεοτήσιον
1054 402 1132 461 ήδη
1175 409 1406 464 ἐκφύοντας
1435 407 1575 464 ανθος,
1605 415 1648 463 ἐξ

198 466 328 519 αύτῆς
354 481 400 507 τε
429 461 567 518 ὅψεως
592 467 652 510 τὸ
668 473 896 523 θυμοειδὲς
923 472 1062 513 αὐτῶν
1087 474 1160 514 καί
1177 481 1361 527 γενναῖον
1377 483 1464 526 τοῖς
1490 477 1548 532 μὴ
1575 476 1683 520 διὰ5

196 530 332 580 πάθος
351 533 663 588 τυφλώττουσιν
678 535 888 591 ἄριὸἡλως
917 538 1210 592 ἐμφαίνοντας,
1237 557 1307 582 και
1338 542 1546 594 σκύμνους
1561 539 1649 586 οἷον

197 599 378 646 λέοντος·
436 615 503 640 και
539 595 676 649 ἄλλως
708 602 766 654 δὲ,
799 602 939 651 ὁποῖος
968 605 1122 653 ἐκεινος
1153 603 1211 659 μή
1244 608 1496 656 ἐπιπολαίως
1525 605 1647 664 ὁρῶν,

197 661 301 718 μήτε
345 663 444 718 πρὸς
477 664 551 719 τήν
595 666 798 721 αλήθειαν
842 667 989 720 μύων,
1028 672 1135 724 μηδὲ
1170 672 1349 714 πάθεσιν
1378 672 1648 727 αλισκόμενος

159 729 437 783 οέπιψόγοις,
470 729 575 773 ἄλλα
609 732 872 776 ταλαντεύων
910 732 1001 775 τὸ’
992 729 1036 776 ὃν
1068 738 1113 778 ἐν
1139 737 1351 795 ἰσορρόπιο
1381 737 1546 796 στάθμῃ
1575 741 1648 793 τῆς

197 794 502 850 ovvstffqoemg,
547 814 615 839 και
645 796 691 840 τὸ
719 797 830 853 ὕψος
865 801 909 851 ἐξ
941 795 1070 855 ουπερ
1111 803 1402 847 ἐπεπτώκεσαν
1434 805 1712 859 λογιζόμε-ιο

195 876 281 915 νος,
309 862 530 916 ἐνιῑγκαλίζ
532 879 599 904 ετο
628 860 700 906 ἶσα
732 867 804 906 καί
828 868 980 915 τέκνοις
1008 869 1155 921 ἰδίοις,
1186 870 1227 910 τί
1251 872 1328 922 μὲν
1356 870 1405 911 οὐ
1434 873 1578 925 λέγων,
1606 873 1654 913 τί

196 930 243 971 δὲ
277 925 326 970 οὗ
360 926 551 984 πιάττων
594 929 754 984 α’γαθὸν
784 934 827 980 ἐς
854 933 1034 989 αὐτούς,
1074 933 1121 975 τί
1156 937 1203 976 δὲ
1241 936 1290 976 οὗ
1330 937 1649 1017 n9optqm35v6poe-

56 999 98 1034 V.
113 1000 180 1035 203
195 1010 284 1047 νος,·
313 1011 388 1036 καν
418 1011 438 1035 ο
473 996 628 1051 φθόνος
653 996 820 1050 βάλλων
851 997 1010 1047 αυτούς
1037 1006 1123 1049 τοῖς
1152 999 1397 1054 τοξεύμασιν
1425 1003 1501 1043 ούκ
1528 1003 1646 1044 ανιέι.

195 1063 241 1104 ἐκ
271 1064 433 1103 πολλῶν
460 1061 537 1117 γὰρ
556 1067 646 1105 κατ’
666 1063 803 1105 αὐτων
827 1063 1119 1119 ἐρεθιζόμενος
1147 1067 1167 1108 ὅ
1190 1066 1484 1123 αὐτοκράτωρ,
1517 1067 1648 1118 αι’τὸς

193 1130 353 1182 μᾶλλον
387 1126 523 1183 πάσης
572 1128 728 1178 αὐτούς
768 1132 1009 1185 ἐπικουρίας
1046 1133 1190 1186 ἠξίου,
1221 1132 1368 1189 ἱλαρὸν
1407 1136 1648 1186 ἐνατενίζων
1666 1132 1713 1174 15

196 1194 268 1235 οἶεί
295 1193 365 1236 καί
394 1195 721 1249 ἐνωραῖζόμενος
749 1191 837 1237 οἷον
875 1196 945 1238 ἐπὶ
973 1197 1129 1254 αὐτοῖς,
1163 1200 1459 1253 ξυμβουλεύων
1485 1215 1527 1241 τε
1557 1201 1650 1241 δια-

195 1259 355 1309 παντὸς
384 1259 434 1301 τοὶ
462 1262 720 1302 συνοίσοντα.
781 1257 903 1310 ἄλλος
931 1264 1008 1315 μὲν
1036 1263 1116 1319 γὰρ
1149 1264 1251 1313 ἴσως
1271 1266 1343 1306 καί
1364 1262 1571 1315 ὑπόπτους
1601 1260 1653 1307 ὃν

155 1327 412 1381 Βὲλογίσατο
428 1324 599 1374 τούτους
617 1330 689 1369 καί
709 1326 896 1369 ἐκποδών
923 1328 993 1370 διὰ
1015 1333 1212 1379 παντοίας
1240 1332 1428 1383 μεθόδου
1449 1333 1492 1381 ἐξ
1521 1333 1653 1386 αύτῆς

195 1390 330 1448 ἀρχῆς
350 1394 522 1446 ποιῆσαι
552 1393 812 1435 ἐσπούδασεν
840 1390 904 1435 ll»-
928 1390 1046 1444 οὗτος
1068 1398 1112 1437 δὲ
1138 1393 1159 1436 ὗ
1183 1396 1458 1453 αι’τοκράτωρ
1477 1397 1551 1446 τάς
1571 1400 1653 1439 τῶν

196 1461 362 1503 πολλῶν
389 1458 494 1500 κατὰ
527 1462 611 1500 τῶν
639 1461 742 1501 νέων
770 1458 1004 1515 εἰσηγήσεις
1026 1464 1123 1516 παρ’
1154 1462 1276 1503 οὐδὲν
1292 1464 1466 1516 ἐτίθετο,
1496 1462 1716 1517 ἐξόχωςαο

196 1524 370 1574 τούτους
401 1526 551 1580 φιλῶν,
584 1524 658 1580 τήν
689 1528 826 1579 μέντοι
857 1529 1019 1582 μητέρα
1048 1528 1206 1569 τούτων
1228 1528 1440 1571 Ειῖδοκίαν
1471 1529 1544 1571 καί
1570 1531 1652 1571 δω-

197 1594 305 1649 ρεῶν
337 1591 466 1643 ἀξιῶν
494 1589 567 1633 καὶ
591 1594 714 1647 τιμῆς
742 1595 816 1647 τῆς
843 1591 1131 1649 προσηκούσης
1162 1596 1430 1647 βασιλίσσαις
1457 1594 1516 1651 μὴ
1548 1596 1652 1637 εἰπο-

295 1742 345 1775 13.
373 1747 450 1781 τοῖς
474 1752 543 1775 om.
573 1741 645 1776 CG.
795 1743 848 1777 16.
874 1742 956 1777 ἅεὶτ
987 1740 1117 1782 αὐτοῖς
1150 1744 1221 1778 CG.
1344 1746 1400 1781 ἐπ’
1430 1746 1475 1781 G.
1597 1750 1650 1783 18.

294 1789 406 1837 ἀρχῆς
432 1787 542 1832 αὐτῆς
568 1789 611 1822 Gr.
733 1799 783 1835 19.
810 1790 970 1833 ποιῆσαι
995 1802 1063 1827 orn.
1093 1790 1136 1823 G.

200 1917 255 1947 ret
278 1914 393 1946 forma
417 1923 458 1946 ac
482 1912 610 1946 robore
638 1915 797 1959 corporis
824 1915 950 1948 ceteris
976 1920 1207 1960 praestantes.
1269 1915 1374 1950 ambo
1401 1917 1512 1951 malas
1536 1918 1650 1963 prima

198 1960 441 1994 flavescebant
463 1960 652 2004 lanugIne3
680 1966 817 1994 statura
844 1967 944 1995 erant
967 1973 1114 2007 procera
1137 1969 1173 1996 et
1194 1963 1438 2007 magnitudine
1464 1964 1508 1997 ad
1527 1976 1651 1998 amus-

199 2007 266 2041 sim
293 2018 408 2052 pares,
433 2007 511 2052 ipso
541 2008 739 2041 iuventutis
764 2008 867 2051 flore3
904 2009 1023 2042 vultus
1047 2010 1124 2054 ipse
1151 2010 1399 2043 fortitudinem
1428 2013 1649 2055 generosita-

196 2059 345 2099 temque
371 2054 480 2086 animi
509 2060 581 2087 tam
607 2061 729 2100 aperte
757 2055 957 2100 prodebat,
995 2061 1034 2089 ut
1057 2057 1128 2090 nisi
1155 2058 1216 2102 qui
1242 2057 1324 2090 odio
1354 2057 1566 2092 obcaecatus
1593 2070 1650 2092 es-

199 2107 267 2142 set,
298 2102 411 2134 leonis
437 2102 636 2134 catulorum
661 2102 774 2135 instar
800 2114 859 2136 eos
884 2103 1046 2136 haberet.
1107 2115 1258 2148 cumque
1283 2111 1468 2149 praeterea
1494 2106 1651 2150 impera-

199 2154 266 2188 tor,
291 2148 396 2181 homo
425 2154 462 2181 et
488 2149 617 2181 mentis
642 2150 718 2182 acie
736 2150 878 2194 pollens
904 2150 948 2183 ad
965 2150 1181 2183 cernendum
1194 2163 1328 2193 verum,
1353 2163 1418 2184 nec
1441 2153 1558 2196 pravis
1584 2154 1651 2185 im-

197 2195 340 2240 peditus
359 2195 556 2236 affectibus,
573 2197 764 2240 quominus
783 2197 913 2230 iustum
928 2209 1042 2242 aequa
1058 2199 1296 2231 conscientiae
1317 2200 1416 2231 lance
1441 2200 1650 2243 pensitaret,

198 2243 238 2275 id
269 2253 414 2288 quoque
438 2248 658 2287 reputasset,
693 2249 828 2288 quanto
867 2256 910 2277 ex
933 2245 1074 2289 fastigio
1104 2256 1219 2278 rerum
1250 2247 1396 2278 iuvenes
1424 2245 1649 2287 cecidissent,

200 2301 262 2323 eos
288 2289 386 2324 velut
399 2290 565 2335 proprios
581 2290 674 2323 filios
687 2291 967 2335 amplexabatur,
991 2298 1028 2325 et
1040 2292 1156 2325 verbis
1175 2297 1211 2325 et
1227 2303 1264 2324 re
1284 2303 1438 2326 amorem
1459 2303 1650 2338 curamque

198 2337 287 2382 ipsis
305 2335 470 2382 probans.
496 2348 712 2392 quanquam
722 2338 855 2371 invidia
872 2350 945 2372 non
963 2338 1149 2372 desinebat
1173 2339 1267 2372 tela·
1258 2351 1295 2372 1n
1319 2351 1378 2372 eos
1403 2339 1559 2372 iaculari.
1587 2339 1651 2372 sed

201 2395 274 2429 quo
300 2385 420 2428 piures
443 2385 667 2429 imperatoris
703 2385 788 2417 iram
814 2386 980 2418 adversus
1011 2397 1071 2419 eos
1106 2387 1284 2420 concitare
1309 2386 1521 2427 studebant,
1546 2392 1650 2420 tanto

202 2431 279 2476 ipse
309 2431 436 2464 maiori
480 2431 625 2464 eosdem
650 2432 829 2476 praesidio
864 2433 1097 2477 dignabatur,
1123 2445 1201 2466 cum
1226 2433 1362 2466 blando
1387 2445 1525 2478 semper
1546 2433 1651 2467 vultu

203 2478 352 2511 iuvenes
381 2478 562 2523 exciperet
587 2479 703 2523 iisque
729 2481 831 2524 quasi
853 2480 1057 2524 superbiret
1082 2486 1118 2512 et
1142 2480 1341 2513 rationibus
1370 2481 1526 2525 ipsorum
1553 2481 1651 2513 omni

204 2525 312 2557 modo
331 2526 562 2571 prospiceret.
586 2526 677 2558 alius
703 2525 852 2559 fortasse
878 2533 1060 2571 suspectos
1088 2527 1170 2560 illos
1197 2527 1385 2561 habuisset
1412 2527 1651 2572 omnibusque

205 2572 343 2605 artibus
370 2571 414 2606 de
439 2572 557 2606 medio
583 2573 711 2606 tollere
737 2573 805 2605 iam
831 2573 874 2605 ab
902 2575 979 2618 ipso
1004 2574 1109 2607 initio
1138 2574 1351 2616 studuisset·
1387 2580 1424 2608 at
1447 2574 1507 2607 hic
1531 2575 1650 2618 impe-

205 2624 322 2660 rator,
348 2620 536 2653 contemtis
562 2619 761 2653 delatorum
795 2621 993 2659 calumniis,
1024 2621 1152 2654 eximie
1178 2633 1276 2654 caros
1303 2620 1472 2654 habebat.
1509 2632 1549 2653 ac
1571 2632 1649 2653 ma-

205 2671 294 2700 trem
320 2666 466 2713 quidem
491 2677 614 2701 eorum
639 2667 832 2702 Eudociam
859 2673 894 2702 et
920 2667 1023 2701 donis
1048 2668 1333 2714 prosequebatur
1358 2674 1394 2702 et
1409 2668 1510 2704 nulla
1534 2667 1648 2701 hono-
