1754 3086
0 108 15 164 ἶ
44 114 74 192 ’ῗῖξ
102 142 109 157 ·
427 134 583 174 parm
626 132 830 174 Possim
879 132 1190 174 nemca‘rio.
1401 137 1529 178 xxx¹

14 239 15 242 ’
40 227 365 283 {contenderat
390 247 527 274 omnes
555 248 702 274 nervos
730 233 954 274 industriae
984 234 1022 274 in
1051 235 1362 276 elucubratione
1392 237 1530 291 operis

15 289 16 292 Ἴ
94 308 281 363 ingentis,
308 306 349 346 in
380 320 463 360 quo
485 304 679 346 decorum
710 305 883 344 istorum
914 305 1097 345 omnium
1117 306 1285 361 insignia
1310 308 1530 362 specimina

90 384 301 425 extarent:
336 376 537 417 Historiae
566 375 755 417 videlicet
784 391 925 417 rerum
967 377 1092 431 longo
1123 378 1257 419 Patris
1280 379 1341 419 sui
1370 380 1530 434 princi-

83 455 192 505 ,μω
221 448 486 488 maximarum
519 463 566 488 ac
592 448 695 488 mire
724 447 933 488 variarum
964 455 1077 488 terra
1106 450 1294 504 marique
1326 458 1415 492 tota
1444 452 1531 492 sere

83 521 181 564 ¹Asia
202 520 455 574 Europaque
486 527 713 575 gestarum:
742 533 841 575 quas
873 520 1170 560 accuratissima
1191 522 1442 564 collectionis
1469 523 1532 564 di-

86 591 267 646 ligentia,
298 605 372 631 uec
397 591 528 631 miuus
559 592 659 631 scita
687 590 963 645 descriptione
995 591 1166 643 ordinis,
1197 599 1320 647 atque
1354 595 1531 648 expliea-

82 662 209 706 ,tionis
239 670 389 703 ornatu
425 663 651 717 complexa,
680 663 798 703 simul
840 663 1052 718 praeclare
1082 679 1105 704 a
1131 678 1174 705 se
1203 665 1434 706 consultum
1461 682 1530 708 re-

83 733 211 783 batur
240 734 462 775 rationibus
490 735 660 789 publicis
689 739 826 775 tantae
854 735 1039 776 utilitatis
1070 735 1181 777 libro
1210 736 1439 792 vulgando;
1469 740 1527 779 si-

83 805 170 847 mut
203 806 381 860 privatas
420 820 508 860 spes
550 806 680 846 famae
718 821 766 846 ae
808 807 1030 848 memoriae
1068 808 1274 862 perennis,
1315 823 1414 864 quas
1452 810 1529 850 isto

78 877 248 932 :pietatis
286 876 430 919 eodem
473 878 758 933 facultatisque
793 893 890 920 suae
931 879 1200 934 consignasset
1246 888 1530 933 monumento,

83 938 174 989 :non
217 949 322 991 male
364 950 602 991 constitutas
646 951 948 1005 gratulabatur.
1018 952 1238 992 Caeterum
1282 968 1404 1008 quam
1432 968 1531 994 vere

87 1020 188 1061 illud
220 1021 319 1062 olim
344 1022 543 1075 scriptum
583 1037 605 1062 a
637 1022 816 1077 quodam
841 1023 920 1064 sit:
967 1025 1230 1079 Quaneumvis
1260 1025 1376 1065 docta
1400 1025 1530 1066 diser-

87 1100 206 1146 taque
234 1107 359 1149 opera
383 1094 514 1134 blateis
545 1095 672 1134 nihilo
700 1097 822 1135 secius
845 1109 894 1134 ac
920 1096 1037 1135 tineis
1066 1097 1206 1150 epulas
1233 1095 1412 1147 datura,
1452 1098 1534 1136 nisi

81 1166 248 1218 potentis
277 1175 317 1205 ec
340 1166 500 1219 benigni
522 1166 643 1205 Genii
659 1164 812 1218 efficaci
825 1167 1084 1222 providencia
1101 1177 1301 1208 curentur:
1334 1183 1416 1208 non
1448 1168 1530 1208 alio

86 1235 226 1275 melius
255 1237 454 1290 exemplo,
484 1251 606 1291 quam
633 1237 751 1277 buius
771 1238 885 1278 Libri
915 1238 1060 1278 misera
1091 1245 1131 1279 et
1160 1239 1408 1280 lamentabili
1438 1241 1529 1280 sor...

86 1311 184 1347 tuna
214 1309 526 1362 comprobatum
558 1315 630 1351 est.
685 1310 786 1349 Tam
825 1316 995 1350 venusto
1026 1310 1056 1350 is
1088 1311 1253 1365 quidem
1283 1311 1529 1352 elocutionis

86 1377 191 1418 flore
217 1385 404 1433 comptus
434 1387 532 1420 ortu
561 1381 648 1435 ipso
679 1380 814 1434 primo
844 1380 1020 1435 prodiit,
1052 1387 1099 1421 ut
1128 1382 1159 1422 si
1187 1382 1351 1423 fabellas
1382 1389 1423 1424 et
1453 1398 1529 1422 nu-

80 1463 150 1503 gas
180 1465 310 1491 meras
340 1451 413 1491 ista
441 1452 638 1506 elegantia
667 1452 846 1506 garriret
876 1452 1053 1504 aniliter,
1088 1460 1239 1493 ornatu
1260 1455 1348 1494 solo
1376 1454 1526 1496 dictio-

83 1521 144 1561 ais
173 1521 420 1562 honoratum
451 1523 560 1563 inter
579 1523 813 1577 Scriptores
834 1524 993 1565 Atticos
1021 1525 1144 1578 primi
1175 1526 1352 1566 subsellii
1385 1526 1529 1567 eblan-

86 1592 246 1633 diturus
276 1593 351 1633 sibi
380 1594 499 1634 facile
537 1594 674 1635 locum
714 1595 853 1635 fuerit.
922 1610 1060 1636 rursus
1093 1603 1174 1635 tam
1203 1611 1327 1651 grave
1361 1604 1529 1653 tamque

82 1663 187 1706 scitu
217 1666 498 1718 necessarium,
530 1666 599 1707 tali
629 1666 905 1720 dispositionis
933 1673 1035 1719 arte,
1064 1673 1262 1724 tantaque
1288 1668 1530 1711 maturitate

84 1735 223 1777 iudicii
251 1746 532 1792 argumentum
573 1739 748 1792 explicat
777 1754 824 1779 ac
865 1738 1030 1793 digerit,
1058 1745 1105 1779 ut
1129 1741 1161 1780 si
1189 1740 1434 1796 loqueretur
1462 1742 1529 1782 in-

84 1808 375 1863 quinatissime,
402 1817 537 1850 tamen
559 1810 778 1864 splendore
805 1825 995 1851 sensuum
1014 1811 1192 1853 illuviem
1222 1813 1460 1865 verborum,
1487 1819 1530 1855 et

83 1877 276 1921 historiae
304 1895 387 1921 non
426 1882 520 1922 alibi
563 1888 754 1922 narratae
794 1882 1057 1936 praestantia,
1084 1883 1214 1924 labem
1244 1884 1448 1925 barbarae
1478 1899 1527 1924 ae

81 1950 346 1993 balbutientis
378 1953 578 1994 orationis
602 1960 734 2008 posset
762 1953 976 1995 redimere.
1042 1955 1257 1997 Postremo
1291 1957 1405 2012 quod
1433 1973 1527 1998 mu-

79 2021 224 2066 lierem
254 2023 505 2079 eandemque
534 2026 574 2065 in
603 2039 729 2080 reguo
764 2033 899 2066 natam
929 2040 976 2066 ae
1004 2028 1201 2068 nutritam
1229 2029 1379 2083 Operis
1412 2029 1526 2083 spissi

32 2094 36 2148 ξ
77 2095 314 2150 «prolixique
355 2097 475 2137 fuisse
519 2102 707 2138 autorem
751 2103 935 2149 constat,
981 2113 1044 2140 res
1092 2105 1151 2139 est
1186 2101 1377 2153 profecto
1418 2101 1526 2141 eius·

33 2201 35 2204 ,
85 2166 197 2207 modi
228 2182 332 2222 quae
359 2169 578 2222 scriptioni
624 2183 699 2209 uec
730 2169 822 2224 styli
864 2169 1019 2225 alioqui
1050 2184 1125 2211 nec
1152 2172 1348 2212 materiae
1377 2187 1527 2225 genere

34 2230 36 2242 ι
80 2237 314 2290 tolerabili,
352 2241 524 2281 raritate
561 2241 644 2295 ipsa
675 2246 716 2282 et
755 2241 1073 2282 admirabilitate
1098 2243 1323 2296 scriptricis
1349 2244 1527 2297 Reginae

79 2310 264 2363 -pretium
295 2311 404 2366 apud
443 2326 594 2367 aequos
634 2313 913 2353 aestimatores
954 2327 1095 2354 rerum
1139 2314 1303 2355 abunde
1335 2329 1526 2369 magnum

78 2382 347 2423 ,conciliatura
379 2384 611 2433 videretur3
654 2390 699 2425 ut
730 2399 808 2425 non
850 2385 948 2425 scri-i
979 2384 1110 2425 solum
1137 2391 1179 2426 et
1210 2386 1286 2440 legi
1317 2387 1385 2427 scd
1416 2387 1525 2426 cele-

80 2453 195 2494 brari
239 2455 359 2495 etiam
388 2463 512 2511 atque
555 2457 688 2510 expeti
729 2457 817 2496 iure
855 2456 1035 2498 deberet.
1091 2458 1146 2498 Et
1180 2464 1338 2498 tamen:
1371 2458 1407 2496 Ο
1439 2472 1525 2497 rem

85 2525 285 2567 mii-amne
311 2528 433 2581 magis
465 2528 594 2568 dicam
618 2543 667 2567 an
699 2527 908 2569 miseram!
941 2535 1074 2570 tamen
1107 2529 1173 2570 ille
1202 2535 1265 2570 tot
1294 2528 1526 2569 nominibus

76 2594 130 2635 ad
161 2598 304 2637 samam
334 2604 457 2652 atque
486 2599 536 2640 ad
555 2599 834 2640 celebritatem
851 2600 1156 2641 commendatus
1185 2601 1321 2650 Liber,
1349 2606 1525 2652 spi-etus,

82 2667 276 2720 abiectus,
306 2670 489 2723 neglectu
530 2671 712 2712 omnium
758 2672 930 2713 obrutus
961 2674 1074 2712 annis
1110 2670 1340 2725 quingentis
1371 2671 1408 2710 in
1444 2672 1523 2711 situ
