<?xml version="1.0" encoding="UTF-8"?>
<!DOCTYPE html PUBLIC "-//W3C//DTD XHTML 1.0 Transitional//EN"
    "http://www.w3.org/TR/xhtml1/DTD/xhtml1-transitional.dtd">
<html xmlns="http://www.w3.org/1999/xhtml" xml:lang="en" lang="en">
 <head>
  <title>
</title>
<meta http-equiv="Content-Type" content="text/html;charset=utf-8" />
  <meta name='ocr-system' content='tesseract 3.04.00' />
  <meta name='ocr-capabilities' content='ocr_page ocr_carea ocr_par ocr_line ocrx_word'/>
</head>
<body>
  <div class='ocr_page' id='page_1' title='image "./corpusscriptorum02niebuoft_0410.png"; bbox 0 0 1754 3086; ppageno 0'>
   <div class='ocr_carea' id='block_1_1' title="bbox 238 76 1204 140">
    <p class='ocr_par' dir='ltr' id='par_1_1' title="bbox 238 76 1204 140">
     <span class='ocr_line' id='line_1_1' title="bbox 238 76 1204 140; baseline 0 -10"><span class='ocrx_word' id='word_1_1' title='bbox 238 76 349 140; x_wconf 65' lang='lat'><em>354</em></span> <span class='ocrx_word' id='word_1_2' title='bbox 685 91 864 132; x_wconf 74' lang='lat' dir='ltr'><strong>ANNAE</strong></span> <span class='ocrx_word' id='word_1_3' title='bbox 912 90 1204 133; x_wconf 79' lang='lat' dir='ltr'><strong>COMNENAE</strong></span> 
     </span>
    </p>
   </div>
   <div class='ocr_carea' id='block_1_2' title="bbox 93 183 1733 1483">
    <p class='ocr_par' dir='ltr' id='par_1_2' title="bbox 93 183 1733 1483">
     <span class='ocr_line' id='line_1_2' title="bbox 234 183 1673 245; baseline -0.003 -12"><span class='ocrx_word' id='word_1_4' title='bbox 234 208 305 234; x_wconf 85' lang='grc' dir='ltr'><em>σον</em></span> <span class='ocrx_word' id='word_1_5' title='bbox 333 195 378 233; x_wconf 85' lang='grc' dir='ltr'><em>τί</em></span> <span class='ocrx_word' id='word_1_6' title='bbox 397 192 520 233; x_wconf 80' lang='grc' dir='ltr'><em>ἐστιν.</em></span> <span class='ocrx_word' id='word_1_7' title='bbox 571 188 788 245; x_wconf 81' lang='grc' dir='ltr'><em>Ὀζολίμνη</em></span> <span class='ocrx_word' id='word_1_8' title='bbox 815 191 859 233; x_wconf 82' lang='grc' dir='ltr'><em>δὲ</em></span> <span class='ocrx_word' id='word_1_9' title='bbox 881 190 1224 243; x_wconf 71' lang='grc' dir='ltr'><em>κατωνόμασται,</em></span> <span class='ocrx_word' id='word_1_10' title='bbox 1259 188 1338 241; x_wconf 78' lang='grc' dir='ltr'><em>οὐχ</em></span> <span class='ocrx_word' id='word_1_11' title='bbox 1369 183 1428 227; x_wconf 70' lang='grc' dir='ltr'><em>ὅτι</em></span> <span class='ocrx_word' id='word_1_12' title='bbox 1460 189 1588 228; x_wconf 75' lang='grc' dir='ltr'><em>κακοῦ</em></span> <span class='ocrx_word' id='word_1_13' title='bbox 1613 202 1673 229; x_wconf 83' lang='grc' dir='ltr'><em>τι·</em></span> 
     </span>
     <span class='ocr_line' id='line_1_3' title="bbox 231 248 1672 310; baseline -0.006 -11"><span class='ocrx_word' id='word_1_14' title='bbox 231 273 301 305; x_wconf 87' lang='grc' dir='ltr'><em>νος</em></span> <span class='ocrx_word' id='word_1_15' title='bbox 328 255 398 297; x_wconf 84' lang='grc' dir='ltr'><strong><em>καί</em></strong></span> <span class='ocrx_word' id='word_1_16' title='bbox 424 254 665 309; x_wconf 83' lang='grc' dir='ltr'><em>βαρυόδμου</em></span> <span class='ocrx_word' id='word_1_17' title='bbox 698 255 950 298; x_wconf 76' lang='grc' dir='ltr'><em>ἀναδίδωσιν</em></span> <span class='ocrx_word' id='word_1_18' title='bbox 979 256 1225 310; x_wconf 81' lang='grc' dir='ltr'><em>α’ποφοράν,</em></span> <span class='ocrx_word' id='word_1_19' title='bbox 1256 254 1345 295; x_wconf 72' lang='grc' dir='ltr'><em>ἀλλ’</em></span> <span class='ocrx_word' id='word_1_20' title='bbox 1375 248 1438 293; x_wconf 80' lang='grc' dir='ltr'><em>ὅτι</em></span> <span class='ocrx_word' id='word_1_21' title='bbox 1469 251 1672 305; x_wconf 76' lang='grc' dir='ltr'><em>Οὕννικῆς</em></span> 
     </span>
     <span class='ocr_line' id='line_1_4' title="bbox 232 313 1672 376; baseline -0.003 -13"><span class='ocrx_word' id='word_1_22' title='bbox 232 325 332 363; x_wconf 78' lang='grc' dir='ltr'><em>ποτὲ</em></span> <span class='ocrx_word' id='word_1_23' title='bbox 350 323 551 374; x_wconf 77' lang='grc' dir='ltr'><em>στρατιᾶς</em></span> <span class='ocrx_word' id='word_1_24' title='bbox 571 319 897 375; x_wconf 83' lang='grc' dir='ltr'><em>ἐπιφοιτησάσης</em></span> <span class='ocrx_word' id='word_1_25' title='bbox 925 322 976 376; x_wconf 81' lang='grc' dir='ltr'><em>τῇ</em></span> <span class='ocrx_word' id='word_1_26' title='bbox 1003 321 1122 376; x_wconf 83' lang='grc' dir='ltr'><em>λίμνῃ</em></span> <span class='ocrx_word' id='word_1_27' title='bbox 1147 319 1332 373; x_wconf 78' lang='grc' dir='ltr'><em>(τούτους</em></span> <span class='ocrx_word' id='word_1_28' title='bbox 1361 320 1406 359; x_wconf 86' lang='grc' dir='ltr'><em>δὲ</em></span> <span class='ocrx_word' id='word_1_29' title='bbox 1434 315 1534 367; x_wconf 78' lang='grc' dir='ltr'><em>τούς</em></span> <span class='ocrx_word' id='word_1_30' title='bbox 1563 313 1672 359; x_wconf 77' lang='grc' dir='ltr'><em>Οἷῖν-</em></span> 
     </span>
     <span class='ocr_line' id='line_1_5' title="bbox 231 380 1672 440; baseline -0.003 -13"><span class='ocrx_word' id='word_1_31' title='bbox 231 402 327 433; x_wconf 85' lang='grc' dir='ltr'><em>νους</em></span> <span class='ocrx_word' id='word_1_32' title='bbox 364 382 526 436; x_wconf 75' lang='grc' dir='ltr'><em>Οῧζους</em></span> <span class='ocrx_word' id='word_1_33' title='bbox 573 383 597 440; x_wconf 79' lang='grc' dir='ltr'><em>ἦ</em></span> <span class='ocrx_word' id='word_1_34' title='bbox 637 387 793 434; x_wconf 78' lang='grc' dir='ltr'><em>ἰδιῶτις</em></span> <span class='ocrx_word' id='word_1_35' title='bbox 831 383 1059 427; x_wconf 79' lang='grc' dir='ltr'><em>ἆπεκάλεσε</em></span> <span class='ocrx_word' id='word_1_36' title='bbox 1098 387 1285 438; x_wconf 79' lang='grc' dir='ltr'><em>γλῶσσα)</em></span> <span class='ocrx_word' id='word_1_37' title='bbox 1331 385 1404 425; x_wconf 82' lang='grc' dir='ltr'><em>καί</em></span> <span class='ocrx_word' id='word_1_38' title='bbox 1441 384 1538 437; x_wconf 74' lang='grc' dir='ltr'><em>περὶ</em></span> <span class='ocrx_word' id='word_1_39' title='bbox 1574 380 1672 431; x_wconf 74' lang='grc' dir='ltr'><em>τούς</em></span> 
     </span>
     <span class='ocr_line' id='line_1_6' title="bbox 233 445 1708 506; baseline 0 -16"><span class='ocrx_word' id='word_1_40' title='bbox 233 445 388 504; x_wconf 63' lang='grc' dir='ltr'><em>ἔχθους</em></span> <span class='ocrx_word' id='word_1_41' title='bbox 406 452 476 504; x_wconf 85' lang='grc' dir='ltr'><em>τῆς</em></span> <span class='ocrx_word' id='word_1_42' title='bbox 493 453 636 506; x_wconf 83' lang='grc' dir='ltr'><em>λίμνης</em></span> <span class='ocrx_word' id='word_1_43' title='bbox 659 451 950 505; x_wconf 79' lang='grc' dir='ltr'><em>αὖλισαμένης,</em></span> <span class='ocrx_word' id='word_1_44' title='bbox 970 452 1227 504; x_wconf 84' lang='grc' dir='ltr'><em>Ου’ζολίμνην</em></span> <span class='ocrx_word' id='word_1_45' title='bbox 1243 447 1316 502; x_wconf 76' lang='grc' dir='ltr'><em>τήν</em></span> <span class='ocrx_word' id='word_1_46' title='bbox 1336 447 1529 502; x_wconf 75' lang='grc' dir='ltr'><em>τοιαύτην</em></span> <span class='ocrx_word' id='word_1_47' title='bbox 1544 462 1671 501; x_wconf 84' lang='grc' dir='ltr'><em>προσ·</em></span> <span class='ocrx_word' id='word_1_48' title='bbox 1684 450 1708 490; x_wconf 86' lang='grc'><strong>5</strong></span> 
     </span>
     <span class='ocr_line' id='line_1_7' title="bbox 232 511 1674 570; baseline -0.002 -13"><span class='ocrx_word' id='word_1_49' title='bbox 232 515 477 570; x_wconf 79' lang='grc' dir='ltr'><em>ηγορεύκασι</em></span> <span class='ocrx_word' id='word_1_50' title='bbox 502 518 669 570; x_wconf 61' lang='grc' dir='ltr'><em>λιζιινην,</em></span> <span class='ocrx_word' id='word_1_51' title='bbox 688 514 793 568; x_wconf 78' lang='grc' dir='ltr'><em>μετὰ</em></span> <span class='ocrx_word' id='word_1_52' title='bbox 825 514 1082 569; x_wconf 69' lang='grc' dir='ltr'><em>προσθήκης,</em></span> <span class='ocrx_word' id='word_1_53' title='bbox 1104 511 1234 567; x_wconf 81' lang='grc' dir='ltr'><em>οἶμαι,</em></span> <span class='ocrx_word' id='word_1_54' title='bbox 1256 513 1327 554; x_wconf 82' lang='grc' dir='ltr'>καί</span> <span class='ocrx_word' id='word_1_55' title='bbox 1354 515 1426 555; x_wconf 83' lang='grc' dir='ltr'><em>τοῦ</em></span> <span class='ocrx_word' id='word_1_56' title='bbox 1443 529 1468 553; x_wconf 88' lang='grc' dir='ltr'><em>υ</em></span> <span class='ocrx_word' id='word_1_57' title='bbox 1491 511 1674 568; x_wconf 83' lang='grc' dir='ltr'><em>φωνήεν-</em></span> 
     </span>
     <span class='ocr_line' id='line_1_8' title="bbox 193 574 1678 634; baseline -0.004 -10"><span class='ocrx_word' id='word_1_58' title='bbox 193 593 308 629; x_wconf 81' lang='grc' dir='ltr'><em>Βτος.</em></span> <span class='ocrx_word' id='word_1_59' title='bbox 365 583 437 622; x_wconf 83' lang='grc' dir='ltr'>καί</span> <span class='ocrx_word' id='word_1_60' title='bbox 467 579 546 622; x_wconf 81' lang='grc' dir='ltr'><em>αἠό</em></span> <span class='ocrx_word' id='word_1_61' title='bbox 578 583 655 632; x_wconf 75' lang='grc' dir='ltr'><em>μὲν</em></span> <span class='ocrx_word' id='word_1_62' title='bbox 680 583 762 622; x_wconf 71' lang='grc' dir='ltr'><em>ταῖν</em></span> <span class='ocrx_word' id='word_1_63' title='bbox 790 582 979 621; x_wconf 81' lang='grc' dir='ltr'><em>παλαιῶν</em></span> <span class='ocrx_word' id='word_1_64' title='bbox 1009 577 1343 634; x_wconf 77' lang='grc' dir='ltr'><em>συγγραμμάτων</em></span> <span class='ocrx_word' id='word_1_65' title='bbox 1383 581 1462 632; x_wconf 71' lang='grc' dir='ltr'><em>οὐχ</em></span> <span class='ocrx_word' id='word_1_66' title='bbox 1502 574 1678 632; x_wconf 62' lang='grc' dir='ltr'><em>εὕρηταί</em></span> 
     </span>
     <span class='ocr_line' id='line_1_9' title="bbox 231 643 1673 700; baseline -0.003 -12"><span class='ocrx_word' id='word_1_67' title='bbox 231 664 296 688; x_wconf 87' lang='grc' dir='ltr'><em>πω</em></span> <span class='ocrx_word' id='word_1_68' title='bbox 325 650 554 689; x_wconf 60' lang='lat' dir='ltr'><em>‹ruma-9322</em></span> <span class='ocrx_word' id='word_1_69' title='bbox 583 649 767 688; x_wconf 65' lang='grc' dir='ltr'><em>ἐνταῦθα</em></span> <span class='ocrx_word' id='word_1_70' title='bbox 785 644 984 688; x_wconf 75' lang='grc' dir='ltr'><em>Ου’ννικὸν</em></span> <span class='ocrx_word' id='word_1_71' title='bbox 1013 643 1261 700; x_wconf 81' lang='grc' dir='ltr'><em>στράτευμα,</em></span> <span class='ocrx_word' id='word_1_72' title='bbox 1290 646 1361 686; x_wconf 69' lang='grc' dir='ltr'><em>ἐπὶ</em></span> <span class='ocrx_word' id='word_1_73' title='bbox 1387 646 1431 685; x_wconf 82' lang='grc' dir='ltr'><em>δὲ</em></span> <span class='ocrx_word' id='word_1_74' title='bbox 1450 646 1525 685; x_wconf 76' lang='grc' dir='ltr'><em>τοῦ</em></span> <span class='ocrx_word' id='word_1_75' title='bbox 1545 644 1673 684; x_wconf 83' lang='grc' dir='ltr'><em>αὖτο-</em></span> 
     </span>
     <span class='ocr_line' id='line_1_10' title="bbox 231 709 1674 767; baseline -0.003 -13"><span class='ocrx_word' id='word_1_76' title='bbox 231 710 426 767; x_wconf 84' lang='grc' dir='ltr'><em>κράτορος</em></span> <span class='ocrx_word' id='word_1_77' title='bbox 440 713 625 761; x_wconf 77' lang='grc' dir='ltr'><em>Ἀλεξίου</em></span> <span class='ocrx_word' id='word_1_78' title='bbox 640 711 727 753; x_wconf 85' lang='grc' dir='ltr'><em>τότε</em></span> <span class='ocrx_word' id='word_1_79' title='bbox 750 710 898 760; x_wconf 85' lang='grc' dir='ltr'><em>πάντες</em></span> <span class='ocrx_word' id='word_1_80' title='bbox 913 709 1202 764; x_wconf 76' lang='grc' dir='ltr'><em>ἁπανταχόθεν</em></span> <span class='ocrx_word' id='word_1_81' title='bbox 1220 712 1350 751; x_wconf 78' lang='grc' dir='ltr'><em>ἐκεῖσε</em></span> <span class='ocrx_word' id='word_1_82' title='bbox 1368 709 1674 764; x_wconf 77' lang='grc' dir='ltr'><em>συνερρωγότες</em></span> 
     </span>
     <span class='ocr_line' id='line_1_11' title="bbox 229 770 1730 834; baseline -0.001 -15"><span class='ocrx_word' id='word_1_83' title='bbox 229 781 287 834; x_wconf 73' lang='grc' dir='ltr'><em>τῷ</em></span> <span class='ocrx_word' id='word_1_84' title='bbox 315 776 427 834; x_wconf 79' lang='grc' dir='ltr'><em>τόπῳ</em></span> <span class='ocrx_word' id='word_1_85' title='bbox 474 777 679 818; x_wconf 77' lang='grc' dir='ltr'><em>δεδώκασι</em></span> <span class='ocrx_word' id='word_1_86' title='bbox 708 772 900 829; x_wconf 69' lang='grc' dir='ltr'><em>τοῦνομα.</em></span> <span class='ocrx_word' id='word_1_87' title='bbox 957 776 1009 818; x_wconf 79' lang='grc' dir='ltr'><em>τὰ</em></span> <span class='ocrx_word' id='word_1_88' title='bbox 1041 779 1119 829; x_wconf 81' lang='grc' dir='ltr'><em>μὲν</em></span> <span class='ocrx_word' id='word_1_89' title='bbox 1165 770 1238 818; x_wconf 80' lang='grc' dir='ltr'><em>οὖν</em></span> <span class='ocrx_word' id='word_1_90' title='bbox 1283 774 1381 830; x_wconf 75' lang='grc' dir='ltr'><em>περὶ</em></span> <span class='ocrx_word' id='word_1_91' title='bbox 1415 777 1488 829; x_wconf 82' lang='grc' dir='ltr'><em>τῆς</em></span> <span class='ocrx_word' id='word_1_92' title='bbox 1529 776 1674 829; x_wconf 82' lang='grc' dir='ltr'><em>λίμνης</em></span> <span class='ocrx_word' id='word_1_93' title='bbox 1693 790 1730 818; x_wconf 75' lang='grc' dir='ltr'><em>ιο</em></span> 
     </span>
     <span class='ocr_line' id='line_1_12' title="bbox 232 836 1674 896; baseline 0 -13"><span class='ocrx_word' id='word_1_94' title='bbox 232 836 317 884; x_wconf 74' lang='grc' dir='ltr'><em>ὧδὲ</em></span> <span class='ocrx_word' id='word_1_95' title='bbox 344 861 398 896; x_wconf 85' lang='grc' dir='ltr'><em>πη</em></span> <span class='ocrx_word' id='word_1_96' title='bbox 428 844 560 895; x_wconf 80' lang='grc' dir='ltr'><em>ἐχέτω</em></span> <span class='ocrx_word' id='word_1_97' title='bbox 580 875 590 893; x_wconf 86' lang='grc'><em>,</em></span> <span class='ocrx_word' id='word_1_98' title='bbox 626 838 764 895; x_wconf 72' lang='grc' dir='ltr'><em>ὥσπερ</em></span> <span class='ocrx_word' id='word_1_99' title='bbox 802 843 898 896; x_wconf 78' lang='grc' dir='ltr'><em>παρ’</em></span> <span class='ocrx_word' id='word_1_100' title='bbox 939 838 1055 894; x_wconf 73' lang='grc' dir='ltr'><em>ἡμῶν</em></span> <span class='ocrx_word' id='word_1_101' title='bbox 1084 844 1158 882; x_wconf 78' lang='grc' dir='ltr'><em>νῦν</em></span> <span class='ocrx_word' id='word_1_102' title='bbox 1185 838 1359 895; x_wconf 81' lang='grc' dir='ltr'><em>πρώτως</em></span> <span class='ocrx_word' id='word_1_103' title='bbox 1386 837 1674 895; x_wconf 65' lang='grc' dir='ltr'><em>ἱστορούμενα,</em></span> 
     </span>
     <span class='ocr_line' id='line_1_13' title="bbox 233 903 1675 961; baseline -0.002 -12"><span class='ocrx_word' id='word_1_104' title='bbox 233 907 287 949; x_wconf 78' lang='grc' dir='ltr'><em>ἵν’</em></span> <span class='ocrx_word' id='word_1_105' title='bbox 307 908 611 959; x_wconf 74' lang='grc' dir='ltr'><em>ἐνδείξαιμεθα,</em></span> <span class='ocrx_word' id='word_1_106' title='bbox 641 903 702 948; x_wconf 80' lang='grc' dir='ltr'><em>ὅτι</em></span> <span class='ocrx_word' id='word_1_107' title='bbox 734 909 809 948; x_wconf 80' lang='grc' dir='ltr'><em>τοῦ</em></span> <span class='ocrx_word' id='word_1_108' title='bbox 838 903 1142 961; x_wconf 74' lang='grc' dir='ltr'><em>αὐτοκράτορος</em></span> <span class='ocrx_word' id='word_1_109' title='bbox 1166 905 1351 955; x_wconf 77' lang='grc' dir='ltr'><em>Ἀλεξίου</em></span> <span class='ocrx_word' id='word_1_110' title='bbox 1380 912 1469 954; x_wconf 85' lang='grc' dir='ltr'><em>ταῖς</em></span> <span class='ocrx_word' id='word_1_111' title='bbox 1506 910 1675 953; x_wconf 80' lang='grc' dir='ltr'><em>πολλαῖς</em></span> 
     </span>
     <span class='ocr_line' id='line_1_14' title="bbox 233 969 1673 1027; baseline 0 -15"><span class='ocrx_word' id='word_1_112' title='bbox 233 971 306 1013; x_wconf 84' lang='grc' dir='ltr'><em>καί</em></span> <span class='ocrx_word' id='word_1_113' title='bbox 334 975 547 1025; x_wconf 77' lang='grc' dir='ltr'><em>πολλαχοῦ</em></span> <span class='ocrx_word' id='word_1_114' title='bbox 576 974 844 1026; x_wconf 75' lang='grc' dir='ltr'><em>στρατηγίαις</em></span> <span class='ocrx_word' id='word_1_115' title='bbox 877 973 952 1013; x_wconf 79' lang='grc' dir='ltr'><em>νῦν</em></span> <span class='ocrx_word' id='word_1_116' title='bbox 979 973 1052 1027; x_wconf 61' lang='grc' dir='ltr'><em>(ἔφ’</em></span> <span class='ocrx_word' id='word_1_117' title='bbox 1090 969 1266 1024; x_wconf 68' lang='grc' dir='ltr'><em>ἑαυτοῦ,</em></span> <span class='ocrx_word' id='word_1_118' title='bbox 1298 973 1372 1012; x_wconf 79' lang='grc' dir='ltr'><em>νῦν</em></span> <span class='ocrx_word' id='word_1_119' title='bbox 1402 973 1448 1013; x_wconf 86' lang='grc' dir='ltr'><em>δὲ</em></span> <span class='ocrx_word' id='word_1_120' title='bbox 1479 970 1561 1012; x_wconf 81' lang='grc' dir='ltr'><em>α’πό</em></span> <span class='ocrx_word' id='word_1_121' title='bbox 1590 973 1673 1012; x_wconf 75' lang='grc' dir='ltr'><em>τῶν</em></span> 
     </span>
     <span class='ocr_line' id='line_1_15' title="bbox 93 1036 1670 1093; baseline -0.003 -12"><span class='ocrx_word' id='word_1_122' title='bbox 93 1047 135 1081; x_wconf 87' lang='lat' dir='ltr'><em>V.</em></span> <span class='ocrx_word' id='word_1_123' title='bbox 157 1049 220 1082; x_wconf 82' lang='lat'><em>160</em></span> <span class='ocrx_word' id='word_1_124' title='bbox 233 1040 566 1093; x_wconf 82' lang='grc' dir='ltr'><em>ἑπισυρρυέντων</em></span> <span class='ocrx_word' id='word_1_125' title='bbox 607 1040 772 1091; x_wconf 69' lang='grc' dir='ltr'><em>ἐχθρῶν</em></span> <span class='ocrx_word' id='word_1_126' title='bbox 804 1036 961 1086; x_wconf 80' lang='grc' dir='ltr'><em>πολλάς</em></span> <span class='ocrx_word' id='word_1_127' title='bbox 995 1036 1229 1090; x_wconf 76' lang='grc' dir='ltr'><em>ἐλάμβανον</em></span> <span class='ocrx_word' id='word_1_128' title='bbox 1257 1036 1295 1078; x_wconf 80' lang='grc' dir='ltr'><em>οἱ</em></span> <span class='ocrx_word' id='word_1_129' title='bbox 1321 1037 1440 1079; x_wconf 82' lang='grc' dir='ltr'><em>τόποι</em></span> <span class='ocrx_word' id='word_1_130' title='bbox 1467 1051 1670 1091; x_wconf 76' lang='grc' dir='ltr'><em>προσηγο·</em></span> 
     </span>
     <span class='ocr_line' id='line_1_16' title="bbox 232 1100 1733 1157; baseline -0.003 -12"><span class='ocrx_word' id='word_1_131' title='bbox 232 1106 339 1157; x_wconf 86' lang='grc' dir='ltr'><em>ριάς.</em></span> <span class='ocrx_word' id='word_1_132' title='bbox 396 1105 581 1144; x_wconf 80' lang='grc' dir='ltr'><em>τοιοῦτον</em></span> <span class='ocrx_word' id='word_1_133' title='bbox 610 1105 655 1144; x_wconf 82' lang='grc' dir='ltr'><em>δέ</em></span> <span class='ocrx_word' id='word_1_134' title='bbox 684 1120 723 1144; x_wconf 87' lang='grc' dir='ltr'><em>τι</em></span> <span class='ocrx_word' id='word_1_135' title='bbox 765 1105 837 1143; x_wconf 84' lang='grc' dir='ltr'><em>καί</em></span> <span class='ocrx_word' id='word_1_136' title='bbox 865 1102 935 1144; x_wconf 77' lang='grc' dir='ltr'><em>ἐπὶ</em></span> <span class='ocrx_word' id='word_1_137' title='bbox 962 1101 1238 1155; x_wconf 77' lang='grc' dir='ltr'><em>Ἀλεξάνδρου</em></span> <span class='ocrx_word' id='word_1_138' title='bbox 1260 1103 1331 1143; x_wconf 80' lang='grc' dir='ltr'><em>τοῦ</em></span> <span class='ocrx_word' id='word_1_139' title='bbox 1357 1105 1439 1144; x_wconf 62' lang='grc' dir='ltr'><em>τῶν</em></span> <span class='ocrx_word' id='word_1_140' title='bbox 1469 1100 1733 1144; x_wconf 64' lang='lat' dir='ltr'>Mandri-15</span> 
     </span>
     <span class='ocr_line' id='line_1_17' title="bbox 193 1164 1672 1222; baseline -0.001 -12"><span class='ocrx_word' id='word_1_141' title='bbox 193 1181 312 1214; x_wconf 77' lang='grc' dir='ltr'><em>Ονων</em></span> <span class='ocrx_word' id='word_1_142' title='bbox 337 1171 543 1221; x_wconf 76' lang='grc' dir='ltr'><em>βασιλέως</em></span> <span class='ocrx_word' id='word_1_143' title='bbox 575 1167 894 1219; x_wconf 71' lang='grc' dir='ltr'><em>καταμανθάνει).</em></span> <span class='ocrx_word' id='word_1_144' title='bbox 933 1167 1006 1209; x_wconf 82' lang='grc' dir='ltr'><em>καί</em></span> <span class='ocrx_word' id='word_1_145' title='bbox 1031 1167 1108 1222; x_wconf 77' lang='grc' dir='ltr'><em>γάρ</em></span> <span class='ocrx_word' id='word_1_146' title='bbox 1141 1164 1246 1209; x_wconf 77' lang='grc' dir='ltr'><em>ὅπου</em></span> <span class='ocrx_word' id='word_1_147' title='bbox 1274 1170 1352 1220; x_wconf 75' lang='grc' dir='ltr'><em>μὲν</em></span> <span class='ocrx_word' id='word_1_148' title='bbox 1380 1165 1672 1222; x_wconf 82' lang='grc' dir='ltr'><em>Ἀλεξάνδρεια</em></span> 
     </span>
     <span class='ocr_line' id='line_1_18' title="bbox 230 1231 1670 1288; baseline -0.001 -13"><span class='ocrx_word' id='word_1_149' title='bbox 230 1233 258 1288; x_wconf 80' lang='grc' dir='ltr'><em>ἦ</em></span> <span class='ocrx_word' id='word_1_150' title='bbox 286 1238 374 1275; x_wconf 78' lang='grc' dir='ltr'><em>κατ’</em></span> <span class='ocrx_word' id='word_1_151' title='bbox 397 1233 626 1286; x_wconf 81' lang='grc' dir='ltr'><em>Αἴγυπτον,</em></span> <span class='ocrx_word' id='word_1_152' title='bbox 661 1232 764 1274; x_wconf 81' lang='grc' dir='ltr'><em>ὅπου</em></span> <span class='ocrx_word' id='word_1_153' title='bbox 794 1235 838 1275; x_wconf 80' lang='grc' dir='ltr'><em>δὲ</em></span> <span class='ocrx_word' id='word_1_154' title='bbox 866 1235 888 1287; x_wconf 83' lang='grc' dir='ltr'><em>ἦ</em></span> <span class='ocrx_word' id='word_1_155' title='bbox 919 1233 1212 1287; x_wconf 81' lang='grc' dir='ltr'><em>Ἀλεξάνδρεια</em></span> <span class='ocrx_word' id='word_1_156' title='bbox 1243 1233 1266 1288; x_wconf 75' lang='grc' dir='ltr'><em>ἦ</em></span> <span class='ocrx_word' id='word_1_157' title='bbox 1299 1237 1390 1274; x_wconf 82' lang='grc' dir='ltr'><em>κατ’</em></span> <span class='ocrx_word' id='word_1_158' title='bbox 1419 1231 1570 1281; x_wconf 75' lang='grc' dir='ltr'><em>Ἰνδούς</em></span> <span class='ocrx_word' id='word_1_159' title='bbox 1602 1234 1670 1274; x_wconf 74' lang='grc' dir='ltr'><em>ἀπ’</em></span> 
     </span>
     <span class='ocr_line' id='line_1_19' title="bbox 230 1296 1671 1352; baseline -0.001 -12"><span class='ocrx_word' id='word_1_160' title='bbox 230 1299 390 1340; x_wconf 79' lang='grc' dir='ltr'><em>ἐκείνου</em></span> <span class='ocrx_word' id='word_1_161' title='bbox 425 1299 690 1351; x_wconf 76' lang='grc' dir='ltr'><em>ω’νόμασται,</em></span> <span class='ocrx_word' id='word_1_162' title='bbox 720 1298 840 1350; x_wconf 84' lang='grc' dir='ltr'><em>ἴσμεν</em></span> <span class='ocrx_word' id='word_1_163' title='bbox 871 1300 916 1339; x_wconf 83' lang='grc' dir='ltr'><em>δὲ</em></span> <span class='ocrx_word' id='word_1_164' title='bbox 943 1299 1015 1339; x_wconf 84' lang='grc' dir='ltr'><em>καί</em></span> <span class='ocrx_word' id='word_1_165' title='bbox 1046 1297 1127 1339; x_wconf 77' lang='grc' dir='ltr'><em>ἀπὸ</em></span> <span class='ocrx_word' id='word_1_166' title='bbox 1161 1296 1420 1352; x_wconf 80' lang='grc' dir='ltr'><em>Λυσιμάχου</em></span> <span class='ocrx_word' id='word_1_167' title='bbox 1450 1296 1560 1347; x_wconf 85' lang='grc' dir='ltr'><em>τινὸς</em></span> <span class='ocrx_word' id='word_1_168' title='bbox 1587 1300 1671 1339; x_wconf 74' lang='grc' dir='ltr'><em>τῶν</em></span> 
     </span>
     <span class='ocr_line' id='line_1_20' title="bbox 231 1361 1669 1420; baseline -0.001 -15"><span class='ocrx_word' id='word_1_169' title='bbox 231 1361 341 1420; x_wconf 77' lang='grc' dir='ltr'><em>ἄμφ’</em></span> <span class='ocrx_word' id='word_1_170' title='bbox 369 1363 494 1405; x_wconf 73' lang='grc' dir='ltr'><em>αὐτὸν</em></span> <span class='ocrx_word' id='word_1_171' title='bbox 523 1366 788 1417; x_wconf 78' lang='grc' dir='ltr'><em>στρατιωτῶν</em></span> <span class='ocrx_word' id='word_1_172' title='bbox 819 1364 1121 1416; x_wconf 80' lang='grc' dir='ltr'><em>Λυσιμάχειαν</em></span> <span class='ocrx_word' id='word_1_173' title='bbox 1145 1362 1522 1416; x_wconf 77' lang='grc' dir='ltr'><em>κατονομάζεσθαι.</em></span> <span class='ocrx_word' id='word_1_174' title='bbox 1594 1363 1669 1404; x_wconf 75' lang='grc' dir='ltr'><em>οιῖκ</em></span> 
     </span>
     <span class='ocr_line' id='line_1_21' title="bbox 231 1424 1732 1483; baseline -0.002 -12"><span class='ocrx_word' id='word_1_175' title='bbox 231 1425 284 1472; x_wconf 75' lang='grc' dir='ltr'><em>ἂν</em></span> <span class='ocrx_word' id='word_1_176' title='bbox 312 1424 386 1470; x_wconf 66' lang='grc' dir='ltr'><em>οὖν</em></span> <span class='ocrx_word' id='word_1_177' title='bbox 406 1430 736 1483; x_wconf 54' lang='grc' dir='ltr'><em>θαυμασαιζιιην,</em></span> <span class='ocrx_word' id='word_1_178' title='bbox 767 1430 806 1470; x_wconf 84' lang='grc' dir='ltr'><em>εἰ</em></span> <span class='ocrx_word' id='word_1_179' title='bbox 834 1429 906 1470; x_wconf 81' lang='grc' dir='ltr'><em>καί</em></span> <span class='ocrx_word' id='word_1_180' title='bbox 926 1429 947 1469; x_wconf 77' lang='grc' dir='ltr'><em>ὅ</em></span> <span class='ocrx_word' id='word_1_181' title='bbox 966 1428 1164 1482; x_wconf 77' lang='grc' dir='ltr'><em>βασιλεὺς</em></span> <span class='ocrx_word' id='word_1_182' title='bbox 1190 1430 1373 1479; x_wconf 74' lang='grc' dir='ltr'><em>’.Αλέξιος</em></span> <span class='ocrx_word' id='word_1_183' title='bbox 1404 1430 1526 1483; x_wconf 76' lang='grc' dir='ltr'><em>ζῆλον</em></span> <span class='ocrx_word' id='word_1_184' title='bbox 1551 1428 1669 1472; x_wconf 83' lang='grc' dir='ltr'><em>Ἀλε-</em></span> <span class='ocrx_word' id='word_1_185' title='bbox 1682 1438 1732 1469; x_wconf 83' lang='lat'><em>20</em></span> 
     </span>
    </p>
   </div>
   <div class='ocr_carea' id='block_1_3' title="bbox 1710 0 1754 1182">
    <p class='ocr_par' dir='ltr' id='par_1_3' title="bbox 1710 0 1754 1182">
     <span class='ocr_line' id='line_1_22' title="bbox 1710 0 1754 1182; baseline 0 0"><span class='ocrx_word' id='word_1_186' title='bbox 1710 0 1754 1182; x_wconf 95' lang='lat' dir='ltr'><em>    </em></span> 
     </span>
    </p>
   </div>
   <div class='ocr_carea' id='block_1_4' title="bbox 320 1549 1670 1831">
    <p class='ocr_par' dir='ltr' id='par_1_4' title="bbox 320 1549 1670 1831">
     <span class='ocr_line' id='line_1_23' title="bbox 323 1549 1670 1596; baseline 0.001 -14"><span class='ocrx_word' id='word_1_187' title='bbox 323 1561 354 1583; x_wconf 83' lang='lat'><em>2.</em></span> <span class='ocrx_word' id='word_1_188' title='bbox 383 1549 595 1596; x_wconf 78' lang='grc' dir='ltr'><em>Οὔγγρικῆς</em></span> <span class='ocrx_word' id='word_1_189' title='bbox 634 1551 719 1583; x_wconf 76' lang='lat' dir='ltr'><em>CPG</em></span> <span class='ocrx_word' id='word_1_190' title='bbox 762 1551 800 1583; x_wconf 88' lang='lat' dir='ltr'>in</span> <span class='ocrx_word' id='word_1_191' title='bbox 826 1551 995 1595; x_wconf 79' lang='lat' dir='ltr'><strong>margine.</strong></span> <span class='ocrx_word' id='word_1_192' title='bbox 1159 1551 1191 1594; x_wconf 97' lang='grc'><strong>4.</strong></span> <span class='ocrx_word' id='word_1_193' title='bbox 1226 1550 1452 1588; x_wconf 76' lang='grc' dir='ltr'><em>ἄπεκάλεσεν</em></span> <span class='ocrx_word' id='word_1_194' title='bbox 1483 1550 1502 1594; x_wconf 79' lang='grc' dir='ltr'><em>ἦ</em></span> <span class='ocrx_word' id='word_1_195' title='bbox 1532 1551 1670 1590; x_wconf 75' lang='grc' dir='ltr'><em>ἰδιῶτις</em></span> 
     </span>
     <span class='ocr_line' id='line_1_24' title="bbox 320 1596 1670 1643; baseline -0.001 -12"><span class='ocrx_word' id='word_1_196' title='bbox 320 1598 474 1643; x_wconf 76' lang='grc' dir='ltr'><em>γλῶσσα</em></span> <span class='ocrx_word' id='word_1_197' title='bbox 504 1599 554 1639; x_wconf 86' lang='lat' dir='ltr'><em>G,</em></span> <span class='ocrx_word' id='word_1_198' title='bbox 583 1597 601 1640; x_wconf 85' lang='grc' dir='ltr'><strong><em>ἧ</em></strong></span> <span class='ocrx_word' id='word_1_199' title='bbox 630 1599 676 1631; x_wconf 75' lang='grc' dir='ltr'><em>ιδ.</em></span> <span class='ocrx_word' id='word_1_200' title='bbox 706 1596 930 1632; x_wconf 75' lang='grc' dir='ltr'><em>ἄπεκάλεσεν</em></span> <span class='ocrx_word' id='word_1_201' title='bbox 958 1597 1109 1643; x_wconf 73' lang='grc' dir='ltr'><em>γλῶσσα</em></span> <span class='ocrx_word' id='word_1_202' title='bbox 1138 1599 1185 1639; x_wconf 87' lang='grc' dir='ltr'><em>Ρ,</em></span> <span class='ocrx_word' id='word_1_203' title='bbox 1213 1604 1306 1631; x_wconf 89' lang='lat' dir='ltr'>recte</span> <span class='ocrx_word' id='word_1_204' title='bbox 1331 1599 1369 1631; x_wconf 90' lang='lat' dir='ltr'><em>A.</em></span> <span class='ocrx_word' id='word_1_205' title='bbox 1411 1599 1413 1602; x_wconf 59' lang='lat'><strong>⁴</strong></span> <span class='ocrx_word' id='word_1_206' title='bbox 1505 1599 1536 1633; x_wconf 88' lang='grc'><strong>5.</strong></span> <span class='ocrx_word' id='word_1_207' title='bbox 1568 1597 1670 1631; x_wconf 58' lang='lat' dir='ltr'><em>ama-</em></span> 
     </span>
     <span class='ocr_line' id='line_1_25' title="bbox 324 1643 1666 1690; baseline -0.002 -12"><span class='ocrx_word' id='word_1_208' title='bbox 324 1647 508 1689; x_wconf 76' lang='grc' dir='ltr'><em>σαμένους</em></span> <span class='ocrx_word' id='word_1_209' title='bbox 526 1645 563 1685; x_wconf 93' lang='lat' dir='ltr'><em>C,</em></span> <span class='ocrx_word' id='word_1_210' title='bbox 589 1643 835 1690; x_wconf 48' lang='lat' dir='ltr'><em>aditomnium·</em></span> <span class='ocrx_word' id='word_1_211' title='bbox 857 1645 918 1686; x_wconf 71' lang='grc' dir='ltr'><em>τῆς</em></span> <span class='ocrx_word' id='word_1_212' title='bbox 946 1650 1118 1689; x_wconf 80' lang='grc' dir='ltr'><em>στρατιᾶς</em></span> <span class='ocrx_word' id='word_1_213' title='bbox 1130 1646 1168 1678; x_wconf 86' lang='grc' dir='ltr'><strong>Α.</strong></span> <span class='ocrx_word' id='word_1_214' title='bbox 1268 1645 1300 1678; x_wconf 84' lang='grc'><strong>6.</strong></span> <span class='ocrx_word' id='word_1_215' title='bbox 1326 1646 1389 1678; x_wconf 85' lang='grc' dir='ltr'><em>καὶ</em></span> <span class='ocrx_word' id='word_1_216' title='bbox 1413 1656 1479 1677; x_wconf 85' lang='lat' dir='ltr'><em>om.</em></span> <span class='ocrx_word' id='word_1_217' title='bbox 1502 1645 1538 1678; x_wconf 87' lang='grc' dir='ltr'><strong>Α.</strong></span> <span class='ocrx_word' id='word_1_218' title='bbox 1635 1656 1666 1688; x_wconf 72' lang='lat'><em>7.</em></span> 
     </span>
     <span class='ocr_line' id='line_1_26' title="bbox 320 1690 1667 1738; baseline 0 -13"><span class='ocrx_word' id='word_1_219' title='bbox 320 1691 392 1738; x_wconf 74' lang='grc' dir='ltr'><em>μὲν</em></span> <span class='ocrx_word' id='word_1_220' title='bbox 416 1703 483 1723; x_wconf 88' lang='lat' dir='ltr'><em>om.</em></span> <span class='ocrx_word' id='word_1_221' title='bbox 512 1690 553 1722; x_wconf 90' lang='lat' dir='ltr'><em>G.</em></span> <span class='ocrx_word' id='word_1_222' title='bbox 648 1702 680 1733; x_wconf 82' lang='lat'><em>9.</em></span> <span class='ocrx_word' id='word_1_223' title='bbox 706 1691 842 1728; x_wconf 77' lang='grc' dir='ltr'><em>πάντες</em></span> <span class='ocrx_word' id='word_1_224' title='bbox 871 1702 937 1723; x_wconf 91' lang='lat' dir='ltr'><em>om.</em></span> <span class='ocrx_word' id='word_1_225' title='bbox 968 1691 1037 1724; x_wconf 90' lang='lat' dir='ltr'><em>CG.</em></span> <span class='ocrx_word' id='word_1_226' title='bbox 1138 1703 1188 1725; x_wconf 82' lang='grc' dir='ltr'><em>ιι.</em></span> <span class='ocrx_word' id='word_1_227' title='bbox 1214 1692 1312 1735; x_wconf 76' lang='grc' dir='ltr'><em>ἔχετο</em></span> <span class='ocrx_word' id='word_1_228' title='bbox 1341 1692 1373 1724; x_wconf 84' lang='grc' dir='ltr'><strong>Ρ.</strong></span> <span class='ocrx_word' id='word_1_229' title='bbox 1497 1692 1546 1724; x_wconf 80' lang='lat'><em>13.</em></span> <span class='ocrx_word' id='word_1_230' title='bbox 1570 1702 1667 1725; x_wconf 83' lang='grc' dir='ltr'><em>παν-</em></span> 
     </span>
     <span class='ocr_line' id='line_1_27' title="bbox 320 1737 1669 1782; baseline 0 -11"><span class='ocrx_word' id='word_1_231' title='bbox 320 1741 434 1782; x_wconf 78' lang='grc' dir='ltr'><em>ταχοῦ</em></span> <span class='ocrx_word' id='word_1_232' title='bbox 461 1738 483 1768; x_wconf 87' lang='grc' dir='ltr'>Ρ</span> <span class='ocrx_word' id='word_1_233' title='bbox 509 1737 548 1770; x_wconf 89' lang='lat' dir='ltr'>in</span> <span class='ocrx_word' id='word_1_234' title='bbox 573 1739 740 1782; x_wconf 79' lang='lat' dir='ltr'><strong>margine.</strong></span> <span class='ocrx_word' id='word_1_235' title='bbox 913 1739 960 1771; x_wconf 80' lang='lat'><em>¹5.</em></span> <span class='ocrx_word' id='word_1_236' title='bbox 986 1737 1050 1771; x_wconf 83' lang='grc' dir='ltr'><em>τοῦ</em></span> <span class='ocrx_word' id='word_1_237' title='bbox 1072 1739 1250 1782; x_wconf 74' lang='grc' dir='ltr'><em>βασιλέως</em></span> <span class='ocrx_word' id='word_1_238' title='bbox 1273 1737 1506 1772; x_wconf 73' lang='grc' dir='ltr'><em>,Μακεδόνων</em></span> <span class='ocrx_word' id='word_1_239' title='bbox 1530 1737 1558 1770; x_wconf 83' lang='grc' dir='ltr'><strong>Α</strong></span> <span class='ocrx_word' id='word_1_240' title='bbox 1573 1762 1582 1778; x_wconf 85' lang='grc'><em>,</em></span> <span class='ocrx_word' id='word_1_241' title='bbox 1605 1739 1669 1771; x_wconf 84' lang='grc' dir='ltr'><em>τοῦ</em></span> 
     </span>
     <span class='ocr_line' id='line_1_28' title="bbox 322 1783 1530 1831; baseline -0.001 -13"><span class='ocrx_word' id='word_1_242' title='bbox 322 1783 543 1822; x_wconf 77' lang='grc' dir='ltr'><em>Μακεδόνος</em></span> <span class='ocrx_word' id='word_1_243' title='bbox 562 1783 603 1816; x_wconf 89' lang='lat' dir='ltr'><em>G.</em></span> <span class='ocrx_word' id='word_1_244' title='bbox 714 1796 764 1828; x_wconf 80' lang='lat'><em>¹7·</em></span> <span class='ocrx_word' id='word_1_245' title='bbox 790 1784 829 1818; x_wconf 78' lang='grc' dir='ltr'><em>δὲ</em></span> <span class='ocrx_word' id='word_1_246' title='bbox 852 1786 914 1817; x_wconf 80' lang='grc' dir='ltr'><em>καὶ</em></span> <span class='ocrx_word' id='word_1_247' title='bbox 940 1784 959 1826; x_wconf 78' lang='grc' dir='ltr'><strong><em>ἡ</em></strong></span> <span class='ocrx_word' id='word_1_248' title='bbox 987 1785 1026 1816; x_wconf 89' lang='grc' dir='ltr'><strong>Α.</strong></span> <span class='ocrx_word' id='word_1_249' title='bbox 1122 1795 1176 1817; x_wconf 85' lang='lat'><em>20.</em></span> <span class='ocrx_word' id='word_1_250' title='bbox 1201 1784 1466 1831; x_wconf 71' lang='grc' dir='ltr'><em>θαυμάσωμεν</em></span> <span class='ocrx_word' id='word_1_251' title='bbox 1489 1784 1530 1817; x_wconf 91' lang='lat' dir='ltr'><em>G.</em></span> 
     </span>
    </p>
   </div>
   <div class='ocr_carea' id='block_1_5' title="bbox 225 1894 1738 2685">
    <p class='ocr_par' dir='ltr' id='par_1_5' title="bbox 225 1894 1738 2685">
     <span class='ocr_line' id='line_1_29' title="bbox 228 1894 1668 1939; baseline -0.001 -10"><span class='ocrx_word' id='word_1_252' title='bbox 228 1894 356 1935; x_wconf 86' lang='lat' dir='ltr'>colles,</span> <span class='ocrx_word' id='word_1_253' title='bbox 384 1895 602 1939; x_wconf 81' lang='lat' dir='ltr'>maximique</span> <span class='ocrx_word' id='word_1_254' title='bbox 641 1900 677 1927; x_wconf 90' lang='lat' dir='ltr'>et</span> <span class='ocrx_word' id='word_1_255' title='bbox 700 1894 930 1939; x_wconf 82' lang='lat' dir='ltr'><strong>pulcherrimi</strong></span> <span class='ocrx_word' id='word_1_256' title='bbox 958 1897 995 1929; x_wconf 87' lang='lat' dir='ltr'>in</span> <span class='ocrx_word' id='word_1_257' title='bbox 1035 1908 1110 1929; x_wconf 86' lang='lat' dir='ltr'>eam</span> <span class='ocrx_word' id='word_1_258' title='bbox 1137 1897 1320 1930; x_wconf 84' lang='lat' dir='ltr'>confluunt</span> <span class='ocrx_word' id='word_1_259' title='bbox 1342 1896 1458 1938; x_wconf 87' lang='lat' dir='ltr'>ssuvii;</span> <span class='ocrx_word' id='word_1_260' title='bbox 1485 1895 1668 1929; x_wconf 81' lang='lat' dir='ltr'>meridiem</span> 
     </span>
     <span class='ocr_line' id='line_1_30' title="bbox 226 1942 1667 1986; baseline -0.001 -11"><span class='ocrx_word' id='word_1_261' title='bbox 226 1952 347 1975; x_wconf 79' lang='lat' dir='ltr'>versus</span> <span class='ocrx_word' id='word_1_262' title='bbox 372 1942 501 1974; x_wconf 80' lang='lat' dir='ltr'>multas</span> <span class='ocrx_word' id='word_1_263' title='bbox 526 1953 742 1986; x_wconf 85' lang='lat' dir='ltr'>magnasque</span> <span class='ocrx_word' id='word_1_264' title='bbox 768 1949 805 1975; x_wconf 79' lang='lat' dir='ltr'>et</span> <span class='ocrx_word' id='word_1_265' title='bbox 840 1945 1019 1975; x_wconf 80' lang='lat' dir='ltr'>onerarias</span> <span class='ocrx_word' id='word_1_266' title='bbox 1049 1944 1118 1976; x_wconf 84' lang='lat' dir='ltr'>fert</span> <span class='ocrx_word' id='word_1_267' title='bbox 1144 1955 1273 1984; x_wconf 84' lang='lat' dir='ltr'>naves,</span> <span class='ocrx_word' id='word_1_268' title='bbox 1299 1949 1340 1976; x_wconf 84' lang='lat' dir='ltr'><em>ut</em></span> <span class='ocrx_word' id='word_1_269' title='bbox 1365 1943 1421 1976; x_wconf 83' lang='lat' dir='ltr'>vel</span> <span class='ocrx_word' id='word_1_270' title='bbox 1447 1954 1490 1975; x_wconf 74' lang='lat' dir='ltr'>ex</span> <span class='ocrx_word' id='word_1_271' title='bbox 1518 1945 1585 1975; x_wconf 82' lang='lat' dir='ltr'><em>hac</em></span> <span class='ocrx_word' id='word_1_272' title='bbox 1610 1953 1667 1981; x_wconf 87' lang='lat' dir='ltr'><em>re,</em></span> 
     </span>
     <span class='ocr_line' id='line_1_31' title="bbox 227 1988 1669 2033; baseline 0.001 -14"><span class='ocrx_word' id='word_1_273' title='bbox 227 1993 363 2033; x_wconf 81' lang='lat' dir='ltr'>quanta</span> <span class='ocrx_word' id='word_1_274' title='bbox 389 1988 437 2021; x_wconf 80' lang='lat' dir='ltr'>sit</span> <span class='ocrx_word' id='word_1_275' title='bbox 459 1988 613 2020; x_wconf 85' lang='lat' dir='ltr'>altitudo</span> <span class='ocrx_word' id='word_1_276' title='bbox 634 1989 720 2028; x_wconf 86' lang='lat' dir='ltr'>eius,</span> <span class='ocrx_word' id='word_1_277' title='bbox 747 1995 927 2033; x_wconf 73' lang='lat' dir='ltr'>appareat.</span> <span class='ocrx_word' id='word_1_278' title='bbox 956 1996 1111 2022; x_wconf 85' lang='lat' dir='ltr'>ceterum</span> <span class='ocrx_word' id='word_1_279' title='bbox 1137 1991 1343 2023; x_wconf 89' lang='lat' dir='ltr'>Ozolimnae</span> <span class='ocrx_word' id='word_1_280' title='bbox 1371 2001 1502 2022; x_wconf 88' lang='lat' dir='ltr'>nomen</span> <span class='ocrx_word' id='word_1_281' title='bbox 1526 2000 1599 2022; x_wconf 86' lang='lat' dir='ltr'><em>non</em></span> <span class='ocrx_word' id='word_1_282' title='bbox 1625 2000 1669 2020; x_wconf 79' lang='lat' dir='ltr'>ex</span> 
     </span>
     <span class='ocr_line' id='line_1_32' title="bbox 226 2034 1668 2080; baseline 0 -13"><span class='ocrx_word' id='word_1_283' title='bbox 226 2045 271 2067; x_wconf 86' lang='lat' dir='ltr'>eo</span> <span class='ocrx_word' id='word_1_284' title='bbox 299 2034 415 2079; x_wconf 81' lang='lat' dir='ltr'><strong>cepit,</strong></span> <span class='ocrx_word' id='word_1_285' title='bbox 448 2034 547 2079; x_wconf 89' lang='lat' dir='ltr'>quod</span> <span class='ocrx_word' id='word_1_286' title='bbox 580 2035 710 2067; x_wconf 84' lang='lat' dir='ltr'>malum</span> <span class='ocrx_word' id='word_1_287' title='bbox 736 2037 1040 2080; x_wconf 79' lang='lat' dir='ltr'>pestilentemque</span> <span class='ocrx_word' id='word_1_288' title='bbox 1078 2038 1218 2069; x_wconf 80' lang='lat' dir='ltr'>emittat</span> <span class='ocrx_word' id='word_1_289' title='bbox 1243 2036 1415 2078; x_wconf 82' lang='lat' dir='ltr'>halitum3</span> <span class='ocrx_word' id='word_1_290' title='bbox 1440 2047 1561 2068; x_wconf 83' lang='lat' dir='ltr'>verum</span> <span class='ocrx_word' id='word_1_291' title='bbox 1588 2047 1668 2067; x_wconf 84' lang='lat' dir='ltr'><em>cum</em></span> 
     </span>
     <span class='ocr_line' id='line_1_33' title="bbox 225 2081 1668 2127; baseline 0 -13"><span class='ocrx_word' id='word_1_292' title='bbox 225 2081 437 2114; x_wconf 89' lang='lat' dir='ltr'>Hunnorum</span> <span class='ocrx_word' id='word_1_293' title='bbox 462 2081 654 2125; x_wconf 76' lang='lat' dir='ltr'>aliquando</span> <span class='ocrx_word' id='word_1_294' title='bbox 676 2083 850 2115; x_wconf 80' lang='lat' dir='ltr'>exercitus</span> <span class='ocrx_word' id='word_1_295' title='bbox 876 2082 922 2115; x_wconf 84' lang='lat' dir='ltr'><em>ad</em></span> <span class='ocrx_word' id='word_1_296' title='bbox 947 2083 1060 2115; x_wconf 83' lang='lat' dir='ltr'>lacum</span> <span class='ocrx_word' id='word_1_297' title='bbox 1078 2084 1308 2127; x_wconf 86' lang='lat' dir='ltr'>pervenisset,</span> <span class='ocrx_word' id='word_1_298' title='bbox 1334 2082 1388 2127; x_wconf 87' lang='lat' dir='ltr'><em>(hi</em></span> <span class='ocrx_word' id='word_1_299' title='bbox 1414 2088 1532 2115; x_wconf 79' lang='lat' dir='ltr'>antem</span> <span class='ocrx_word' id='word_1_300' title='bbox 1547 2082 1668 2114; x_wconf 86' lang='lat' dir='ltr'>Hunni</span> 
     </span>
     <span class='ocr_line' id='line_1_34' title="bbox 225 2127 1668 2174; baseline 0 -14"><span class='ocrx_word' id='word_1_301' title='bbox 225 2127 364 2170; x_wconf 84' lang='lat' dir='ltr'>vulgari</span> <span class='ocrx_word' id='word_1_302' title='bbox 389 2127 511 2170; x_wconf 82' lang='lat' dir='ltr'>lingua</span> <span class='ocrx_word' id='word_1_303' title='bbox 540 2127 629 2160; x_wconf 89' lang='lat' dir='ltr'>Ouzi</span> <span class='ocrx_word' id='word_1_304' title='bbox 657 2129 919 2174; x_wconf 77' lang='lat' dir='ltr'>appelluntur,)</span> <span class='ocrx_word' id='word_1_305' title='bbox 946 2129 1071 2173; x_wconf 87' lang='lat' dir='ltr'>positis</span> <span class='ocrx_word' id='word_1_306' title='bbox 1092 2130 1225 2162; x_wconf 80' lang='lat' dir='ltr'><strong>ibidem</strong></span> <span class='ocrx_word' id='word_1_307' title='bbox 1252 2130 1393 2169; x_wconf 82' lang='lat' dir='ltr'>castris,</span> <span class='ocrx_word' id='word_1_308' title='bbox 1421 2128 1668 2162; x_wconf 86' lang='lat' dir='ltr'>Ouzolimnam</span> 
     </span>
     <span class='ocr_line' id='line_1_35' title="bbox 225 2173 1668 2220; baseline 0.001 -14"><span class='ocrx_word' id='word_1_309' title='bbox 225 2173 343 2206; x_wconf 84' lang='lat' dir='ltr'>lacum</span> <span class='ocrx_word' id='word_1_310' title='bbox 368 2180 626 2217; x_wconf 74' lang='lat' dir='ltr'>nuncupatam,</span> <span class='ocrx_word' id='word_1_311' title='bbox 651 2174 774 2207; x_wconf 78' lang='lat' dir='ltr'>addita</span> <span class='ocrx_word' id='word_1_312' title='bbox 790 2177 955 2208; x_wconf 82' lang='lat' dir='ltr'>nimirum</span> <span class='ocrx_word' id='word_1_313' title='bbox 986 2176 1103 2209; x_wconf 85' lang='lat' dir='ltr'>littera</span> <span class='ocrx_word' id='word_1_314' title='bbox 1123 2177 1246 2208; x_wconf 77' lang='lat' dir='ltr'>vocali.</span> <span class='ocrx_word' id='word_1_315' title='bbox 1270 2181 1428 2209; x_wconf 83' lang='lat' dir='ltr'>veterum</span> <span class='ocrx_word' id='word_1_316' title='bbox 1448 2175 1592 2220; x_wconf 85' lang='lat' dir='ltr'>quidem</span> <span class='ocrx_word' id='word_1_317' title='bbox 1610 2175 1668 2207; x_wconf 91' lang='lat' dir='ltr'><em>hi-</em></span> 
     </span>
     <span class='ocr_line' id='line_1_36' title="bbox 226 2220 1670 2266; baseline 0 -13"><span class='ocrx_word' id='word_1_318' title='bbox 226 2220 359 2253; x_wconf 77' lang='lat' dir='ltr'>storiae</span> <span class='ocrx_word' id='word_1_319' title='bbox 391 2231 564 2264; x_wconf 85' lang='lat' dir='ltr'>nusquam</span> <span class='ocrx_word' id='word_1_320' title='bbox 595 2220 761 2262; x_wconf 82' lang='lat' dir='ltr'>tradunt,</span> <span class='ocrx_word' id='word_1_321' title='bbox 787 2223 994 2254; x_wconf 85' lang='lat' dir='ltr'>Hunnorum</span> <span class='ocrx_word' id='word_1_322' title='bbox 1022 2224 1211 2255; x_wconf 78' lang='lat' dir='ltr'>exercitum</span> <span class='ocrx_word' id='word_1_323' title='bbox 1241 2234 1282 2255; x_wconf 91' lang='lat' dir='ltr'>eo</span> <span class='ocrx_word' id='word_1_324' title='bbox 1306 2223 1456 2254; x_wconf 87' lang='lat' dir='ltr'>venisse.</span> <span class='ocrx_word' id='word_1_325' title='bbox 1481 2232 1608 2266; x_wconf 79' lang='lat' dir='ltr'>nempe</span> <span class='ocrx_word' id='word_1_326' title='bbox 1631 2221 1670 2253; x_wconf 84' lang='lat' dir='ltr'><em>id</em></span> 
     </span>
     <span class='ocr_line' id='line_1_37' title="bbox 226 2266 1669 2314; baseline 0.001 -15"><span class='ocrx_word' id='word_1_327' title='bbox 226 2266 354 2300; x_wconf 68' lang='lat' dir='ltr'>Alexio</span> <span class='ocrx_word' id='word_1_328' title='bbox 389 2268 587 2310; x_wconf 83' lang='lat' dir='ltr'>imperante</span> <span class='ocrx_word' id='word_1_329' title='bbox 619 2267 759 2299; x_wconf 79' lang='lat' dir='ltr'><em>accidit.</em></span> <span class='ocrx_word' id='word_1_330' title='bbox 794 2274 880 2301; x_wconf 81' lang='lat' dir='ltr'>tunc</span> <span class='ocrx_word' id='word_1_331' title='bbox 910 2270 1075 2302; x_wconf 82' lang='lat' dir='ltr'>universa</span> <span class='ocrx_word' id='word_1_332' title='bbox 1113 2270 1234 2309; x_wconf 81' lang='lat' dir='ltr'>natio,</span> <span class='ocrx_word' id='word_1_333' title='bbox 1272 2268 1434 2314; x_wconf 86' lang='lat' dir='ltr'>undique</span> <span class='ocrx_word' id='word_1_334' title='bbox 1472 2268 1516 2301; x_wconf 87' lang='lat' dir='ltr'><em>ad</em></span> <span class='ocrx_word' id='word_1_335' title='bbox 1553 2269 1669 2300; x_wconf 85' lang='lat' dir='ltr'>lacum</span> 
     </span>
     <span class='ocr_line' id='line_1_38' title="bbox 228 2312 1668 2360; baseline 0 -14"><span class='ocrx_word' id='word_1_336' title='bbox 228 2312 397 2353; x_wconf 85' lang='lat' dir='ltr'>advecta,</span> <span class='ocrx_word' id='word_1_337' title='bbox 423 2323 555 2345; x_wconf 87' lang='lat' dir='ltr'>nomen</span> <span class='ocrx_word' id='word_1_338' title='bbox 580 2314 612 2345; x_wconf 92' lang='lat' dir='ltr'>ei</span> <span class='ocrx_word' id='word_1_339' title='bbox 650 2313 762 2346; x_wconf 82' lang='lat' dir='ltr'><strong>dedit.</strong></span> <span class='ocrx_word' id='word_1_340' title='bbox 798 2326 890 2359; x_wconf 71' lang='lat' dir='ltr'>quae</span> <span class='ocrx_word' id='word_1_341' title='bbox 927 2326 980 2347; x_wconf 89' lang='lat' dir='ltr'><em>res</em></span> <span class='ocrx_word' id='word_1_342' title='bbox 1010 2327 1104 2348; x_wconf 87' lang='lat' dir='ltr'>nunc</span> <span class='ocrx_word' id='word_1_343' title='bbox 1128 2316 1279 2360; x_wconf 84' lang='lat' dir='ltr'>primum</span> <span class='ocrx_word' id='word_1_344' title='bbox 1313 2327 1331 2347; x_wconf 90' lang='lat' dir='ltr'>a</span> <span class='ocrx_word' id='word_1_345' title='bbox 1366 2315 1468 2348; x_wconf 87' lang='lat' dir='ltr'>nobis</span> <span class='ocrx_word' id='word_1_346' title='bbox 1504 2314 1668 2354; x_wconf 81' lang='lat' dir='ltr'>refertur,</span> 
     </span>
     <span class='ocr_line' id='line_1_39' title="bbox 228 2358 1668 2406; baseline 0.001 -14"><span class='ocrx_word' id='word_1_347' title='bbox 228 2370 301 2404; x_wconf 90' lang='lat' dir='ltr'><em>quo</em></span> <span class='ocrx_word' id='word_1_348' title='bbox 329 2358 618 2400; x_wconf 84' lang='lat' dir='ltr'>demonstremus,</span> <span class='ocrx_word' id='word_1_349' title='bbox 640 2360 863 2404; x_wconf 80' lang='lat' dir='ltr'>imperatoris</span> <span class='ocrx_word' id='word_1_350' title='bbox 889 2362 1005 2394; x_wconf 80' lang='lat' dir='ltr'>Alexii</span> <span class='ocrx_word' id='word_1_351' title='bbox 1029 2363 1149 2395; x_wconf 81' lang='lat' dir='ltr'>multis</span> <span class='ocrx_word' id='word_1_352' title='bbox 1174 2363 1352 2406; x_wconf 80' lang='lat' dir='ltr'>variisque</span> <span class='ocrx_word' id='word_1_353' title='bbox 1379 2361 1668 2406; x_wconf 78' lang='lat' dir='ltr'><em>expeditionibus</em></span> 
     </span>
     <span class='ocr_line' id='line_1_40' title="bbox 228 2406 1669 2452; baseline 0.001 -14"><span class='ocrx_word' id='word_1_354' title='bbox 228 2416 337 2450; x_wconf 75' lang='lat' dir='ltr'>saepe</span> <span class='ocrx_word' id='word_1_355' title='bbox 363 2406 495 2438; x_wconf 85' lang='lat' dir='ltr'>sactum</span> <span class='ocrx_word' id='word_1_356' title='bbox 521 2417 610 2446; x_wconf 87' lang='lat' dir='ltr'>esse,</span> <span class='ocrx_word' id='word_1_357' title='bbox 637 2411 677 2438; x_wconf 88' lang='lat' dir='ltr'><em>ut</em></span> <span class='ocrx_word' id='word_1_358' title='bbox 704 2406 780 2438; x_wconf 80' lang='lat' dir='ltr'><em>loca</em></span> <span class='ocrx_word' id='word_1_359' title='bbox 803 2407 908 2440; x_wconf 86' lang='lat' dir='ltr'>modo</span> <span class='ocrx_word' id='word_1_360' title='bbox 928 2408 1076 2452; x_wconf 81' lang='lat' dir='ltr'>abipso,</span> <span class='ocrx_word' id='word_1_361' title='bbox 1101 2409 1204 2442; x_wconf 91' lang='lat' dir='ltr'>modo</span> <span class='ocrx_word' id='word_1_362' title='bbox 1226 2409 1270 2441; x_wconf 85' lang='lat' dir='ltr'><em>ab</em></span> <span class='ocrx_word' id='word_1_363' title='bbox 1295 2407 1472 2449; x_wconf 85' lang='lat' dir='ltr'>hostibus,</span> <span class='ocrx_word' id='word_1_364' title='bbox 1497 2408 1558 2452; x_wconf 91' lang='lat' dir='ltr'><em>qui</em></span> <span class='ocrx_word' id='word_1_365' title='bbox 1583 2419 1669 2440; x_wconf 87' lang='lat' dir='ltr'>con-</span> 
     </span>
     <span class='ocr_line' id='line_1_41' title="bbox 226 2452 1667 2500; baseline 0.001 -15"><span class='ocrx_word' id='word_1_366' title='bbox 226 2452 418 2493; x_wconf 80' lang='lat' dir='ltr'>fluxerant,</span> <span class='ocrx_word' id='word_1_367' title='bbox 452 2453 599 2485; x_wconf 88' lang='lat' dir='ltr'>nomina·</span> <span class='ocrx_word' id='word_1_368' title='bbox 620 2453 912 2487; x_wconf 82' lang='lat' dir='ltr'>nanciscerentur</span> <span class='ocrx_word' id='word_1_369' title='bbox 936 2467 1010 2487; x_wconf 88' lang='lat' dir='ltr'>sua.</span> <span class='ocrx_word' id='word_1_370' title='bbox 1038 2455 1111 2488; x_wconf 84' lang='lat' dir='ltr'>tale</span> <span class='ocrx_word' id='word_1_371' title='bbox 1136 2455 1224 2500; x_wconf 89' lang='lat' dir='ltr'>quid</span> <span class='ocrx_word' id='word_1_372' title='bbox 1253 2456 1360 2488; x_wconf 81' lang='lat' dir='ltr'>etiam</span> <span class='ocrx_word' id='word_1_373' title='bbox 1385 2455 1430 2487; x_wconf 86' lang='lat' dir='ltr'>de</span> <span class='ocrx_word' id='word_1_374' title='bbox 1455 2453 1667 2494; x_wconf 86' lang='lat' dir='ltr'>Alexandro,</span> 
     </span>
     <span class='ocr_line' id='line_1_42' title="bbox 226 2498 1667 2547; baseline 0.001 -16"><span class='ocrx_word' id='word_1_375' title='bbox 226 2498 463 2531; x_wconf 82' lang='lat' dir='ltr'>Macedonum</span> <span class='ocrx_word' id='word_1_376' title='bbox 491 2510 593 2543; x_wconf 82' lang='lat' dir='ltr'>rege,</span> <span class='ocrx_word' id='word_1_377' title='bbox 621 2499 839 2543; x_wconf 84' lang='lat' dir='ltr'>accepimus:</span> <span class='ocrx_word' id='word_1_378' title='bbox 871 2512 889 2532; x_wconf 80' lang='lat' dir='ltr'>a</span> <span class='ocrx_word' id='word_1_379' title='bbox 915 2512 985 2545; x_wconf 87' lang='lat' dir='ltr'><em>quo</em></span> <span class='ocrx_word' id='word_1_380' title='bbox 1018 2507 1054 2534; x_wconf 85' lang='lat' dir='ltr'>et</span> <span class='ocrx_word' id='word_1_381' title='bbox 1079 2513 1169 2547; x_wconf 83' lang='lat' dir='ltr'>quae</span> <span class='ocrx_word' id='word_1_382' title='bbox 1194 2503 1231 2534; x_wconf 89' lang='lat' dir='ltr'>in</span> <span class='ocrx_word' id='word_1_383' title='bbox 1254 2502 1432 2547; x_wconf 85' lang='lat' dir='ltr'>Aegypto,</span> <span class='ocrx_word' id='word_1_384' title='bbox 1458 2506 1494 2534; x_wconf 85' lang='lat' dir='ltr'>et</span> <span class='ocrx_word' id='word_1_385' title='bbox 1518 2511 1609 2546; x_wconf 82' lang='lat' dir='ltr'>quae</span> <span class='ocrx_word' id='word_1_386' title='bbox 1630 2500 1667 2532; x_wconf 89' lang='lat' dir='ltr'>in</span> 
     </span>
     <span class='ocr_line' id='line_1_43' title="bbox 227 2545 1734 2593; baseline 0.001 -16"><span class='ocrx_word' id='word_1_387' title='bbox 227 2545 330 2578; x_wconf 88' lang='lat' dir='ltr'>India</span> <span class='ocrx_word' id='word_1_388' title='bbox 356 2546 425 2579; x_wconf 85' lang='lat' dir='ltr'>sita</span> <span class='ocrx_word' id='word_1_389' title='bbox 451 2551 521 2585; x_wconf 84' lang='lat' dir='ltr'>est,</span> <span class='ocrx_word' id='word_1_390' title='bbox 557 2545 770 2578; x_wconf 80' lang='lat' dir='ltr'>Alexandria</span> <span class='ocrx_word' id='word_1_391' title='bbox 807 2547 1089 2590; x_wconf 75' lang='lat' dir='ltr'>appellalionem</span> <span class='ocrx_word' id='word_1_392' title='bbox 1127 2549 1251 2590; x_wconf 68' lang='lat' dir='ltr'>traxitg</span> <span class='ocrx_word' id='word_1_393' title='bbox 1277 2549 1365 2593; x_wconf 81' lang='lat' dir='ltr'>quin</span> <span class='ocrx_word' id='word_1_394' title='bbox 1391 2548 1495 2581; x_wconf 81' lang='lat' dir='ltr'>etiam</span> <span class='ocrx_word' id='word_1_395' title='bbox 1521 2559 1540 2580; x_wconf 86' lang='lat' dir='ltr'><strong>a</strong></span> <span class='ocrx_word' id='word_1_396' title='bbox 1564 2547 1666 2590; x_wconf 74' lang='lat' dir='ltr'>Lysi·</span> <span class='ocrx_word' id='word_1_397' title='bbox 1728 2580 1734 2587; x_wconf 54' lang='lat'>‚</span> 
     </span>
     <span class='ocr_line' id='line_1_44' title="bbox 228 2591 1738 2638; baseline 0.003 -15"><span class='ocrx_word' id='word_1_398' title='bbox 228 2591 376 2633; x_wconf 82' lang='lat' dir='ltr'>macho,</span> <span class='ocrx_word' id='word_1_399' title='bbox 412 2592 580 2625; x_wconf 78' lang='lat' dir='ltr'>comitum</span> <span class='ocrx_word' id='word_1_400' title='bbox 624 2592 784 2625; x_wconf 83' lang='lat' dir='ltr'>eiusdem</span> <span class='ocrx_word' id='word_1_401' title='bbox 829 2604 919 2633; x_wconf 88' lang='lat' dir='ltr'>uno,</span> <span class='ocrx_word' id='word_1_402' title='bbox 963 2595 1218 2636; x_wconf 70' lang='lat' dir='ltr'>Lysimachiam</span> <span class='ocrx_word' id='word_1_403' title='bbox 1251 2594 1380 2628; x_wconf 82' lang='lat' dir='ltr'><em>dictam</em></span> <span class='ocrx_word' id='word_1_404' title='bbox 1417 2605 1492 2627; x_wconf 86' lang='lat' dir='ltr'>esse</span> <span class='ocrx_word' id='word_1_405' title='bbox 1527 2594 1666 2626; x_wconf 80' lang='lat' dir='ltr'>scimus.</span> <span class='ocrx_word' id='word_1_406' title='bbox 1718 2595 1738 2638; x_wconf 32' lang='lat'><em>¹:³¹</em></span> 
     </span>
     <span class='ocr_line' id='line_1_45' title="bbox 230 2632 1731 2685; baseline 0.001 -15"><span class='ocrx_word' id='word_1_407' title='bbox 230 2638 319 2683; x_wconf 88' lang='lat' dir='ltr'>quid</span> <span class='ocrx_word' id='word_1_408' title='bbox 343 2637 453 2683; x_wconf 83' lang='lat' dir='ltr'>igitur</span> <span class='ocrx_word' id='word_1_409' title='bbox 476 2639 620 2680; x_wconf 87' lang='lat' dir='ltr'>mirum,</span> <span class='ocrx_word' id='word_1_410' title='bbox 649 2639 679 2672; x_wconf 89' lang='lat' dir='ltr'>si</span> <span class='ocrx_word' id='word_1_411' title='bbox 705 2639 810 2672; x_wconf 80' lang='lat' dir='ltr'>etium</span> <span class='ocrx_word' id='word_1_412' title='bbox 833 2639 1027 2685; x_wconf 72' lang='lat' dir='ltr'>imperator</span> <span class='ocrx_word' id='word_1_413' title='bbox 1051 2641 1219 2684; x_wconf 80' lang='lat' dir='ltr'>Aiexius,</span> <span class='ocrx_word' id='word_1_414' title='bbox 1242 2642 1482 2676; x_wconf 79' lang='lat' dir='ltr'>aemulatione</span> <span class='ocrx_word' id='word_1_415' title='bbox 1508 2639 1663 2673; x_wconf 80' lang='lat' dir='ltr'>Alexan·</span> <span class='ocrx_word' id='word_1_416' title='bbox 1723 2632 1731 2642; x_wconf 65' lang='lat'><em>⁴</em></span> 
     </span>
    </p>
   </div>
  </div>
 </body>
</html>
