1754 3086
238 37 350 95 336
699 53 880 95 ANNAE
920 54 1211 97 eoMNENAE

237 155 344 209 δόθη
371 151 445 201 τάς
487 145 608 202 ὄψεις
651 151 848 205 α’βλαβεῖς
887 151 1023 208 ἔχων,
1062 153 1160 202 τούς
1183 155 1400 204 ἐθέλοντας
1426 159 1666 212 λεπτομερέ-

236 234 383 274 στερον
411 219 564 270 μαθεῖν
605 219 932 271 παραπέμπομεν
959 221 1018 267 εἰς
1044 217 1114 261 τὸν
1139 221 1330 274 μέγιστον
1358 223 1571 276 Καίσαρα.
1643 222 1668 264 ὅ

237 284 316 340 γὰρ
341 286 510 336 Καῖσαρ
540 275 660 331 οὗτος
680 283 753 323 τοῦ
778 285 857 336 μὲν
881 284 1065 334 Ἀλεξίου
1095 279 1175 339 ἤδη
1202 283 1251 327 τά
1273 285 1489 339 Ῥωμαίων
1509 288 1668 330 διέπον-

237 366 304 400 τος
333 349 519 403 σκῆπτρα
540 345 726 402 γαμβρὸς
754 348 942 402 ἐγεγόνει,
974 350 1046 390 τοῦ
1075 351 1120 391 δὲ
1141 352 1368 404 Βρυεννίου
1389 352 1546 393 ἐκείνου
1570 348 1670 394 ἀπὸ·

237 424 370 470 γονος.
446 412 536 454 ἀλλ’
571 413 767 454 ἐνταυθοῖ
803 415 1018 467 γενομένη,
1060 417 1291 468 συγχέομαι
1329 414 1403 470 την
1429 415 1572 472 ψυχὴν
1598 419 1670 460 καί
1682 418 1706 461 5

238 481 418 528 πένθους
452 480 725 532 ἐμπίπλαμαι.
794 477 922 534 σοφὸς
958 481 1036 531 μὲν
1068 478 1146 533 γὰρ
1186 479 1262 535 τὴν
1287 481 1450 538 γνώμην
1478 477 1527 538 ἦν
1555 477 1672 532 οὗτος

239 546 261 589 ὅ
289 543 393 600 ἀνὴρ
423 545 494 585 καί
521 540 591 585 τὸν
622 540 740 598 λόγον
769 543 1021 600 σοφώτατος.
1082 542 1212 586 πάντα
1241 545 1322 600 γάρ
1351 549 1424 589 καί
1452 545 1573 603 ῥώμη
1601 549 1675 590 καί

238 610 365 665 τάχος
400 609 472 651 καί
508 609 654 658 κάλλος
685 606 876 662 σώματος
902 611 974 651 καί
1005 609 1143 658 ἁπλαῖς
1171 611 1212 660 ἐς
1240 610 1395 654 ταῦτὸν
1420 611 1673 655 συνελθόντα

239 674 320 719 ὅσα
347 677 491 730 ψυχῆς
516 674 587 716 καὶ
613 673 804 727 σώματος
831 673 984 728 ἀγαθά,
1006 674 1078 717 τὸν
1103 670 1407 732 ἄνδραὶἑκεῖνον
1435 677 1673 732 ἐκόσμησεν.

202 744 311 788 Εὲνα
340 740 419 797 γὰρ
450 739 576 782 αὐτὸν
603 741 645 781 ἐν
677 745 763 788 τοῖς
789 737 942 781 ἅπασιν
980 740 1233 794 ἐξοχώτατον
1270 743 1342 783 καί
1366 742 1393 797 ἦ
1423 738 1551 799 φύσις
1579 744 1672 784 α’νε-
1689 758 1727 792 ιε

238 808 444 862 βλάστησε
489 805 561 847 καί
601 805 622 846 ὁ
654 803 752 853 θεὸς
788 806 1104 860 ἐδημιούργησε.
1173 806 1244 848 καί
1279 803 1363 850 οἷον
1393 806 1459 850 τὸν
1477 807 1673 862 Ἀχιλλέα

239 869 420 927 ὕμνησεν
454 867 635 926 Ὅμηρος
680 872 723 912 ἐν
750 876 831 919 τοῖς
860 872 1077 924 α’ρχαιοῖς,
1116 875 1299 914 τοιοῦτον
1328 869 1379 914 ἄν
1405 889 1466 922 τις
1493 870 1580 916 εἶπε
1606 872 1674 916 τὸν

239 936 340 990 ἐμὸν
371 938 571 991 Καίσαρα
613 938 655 977 ἐν
682 943 768 985 τοῖς
813 935 894 977 ὑπὸ
926 935 997 978 τὸν
1025 935 1141 992 ἥλιον
1179 935 1334 980 ἅπασιν
1361 937 1671 995 α’ναπεφηνότα.

239 998 360 1052 οὗτος
386 1002 524 1044 τοίνυν
552 1000 573 1042 ὅ
605 1004 777 1056 Καῖσαρ
812 1003 883 1043 καί
910 1001 961 1043 τὰ
993 1002 1267 1058 στρατιωτικοὶ
1289 1002 1465 1058 γεγονώς
1495 999 1673 1059 ἄριστος,

239 1070 316 1109 οὐκ
350 1065 606 1122 οἷμελετήτως
638 1065 735 1120 ἔσχε
763 1065 867 1121 πρὸς
888 1065 1039 1122 λόγους.
1098 1065 1203 1110 ἀλλὰ
1231 1071 1369 1111 πᾶσαν
1400 1071 1543 1123 βίβλον
1569 1065 1671 1111 ἇνα..
1688 1088 1704 1115 1
1731 1099 1732 1107 ,

238 1133 496 1186 πτυξάμενος
524 1132 595 1174 καί
622 1133 680 1181 εἰς
710 1133 849 1174 πᾶσαν
881 1133 1107 1189 ἐπιστήμην
1136 1131 1387 1190 ἐγκεκυφώς,
1422 1133 1576 1190 πολλὴν
1602 1151 1674 1177 σο-

243 1202 346 1256 φιάν
387 1200 546 1240 ἐκεῖθεν
581 1197 784 1253 ἠρύσατο,
829 1195 904 1252 ὅση
946 1214 990 1240 τε
1030 1198 1210 1253 ἡμετέρα
1254 1203 1323 1240 καὶ
1359 1196 1436 1254 ὅση
1465 1201 1564 1242 ποτὲ
1593 1200 1675 1255 οὐχ

201 1265 438 1319 Βῆμετὲρα.
494 1260 665 1318 ’ὕστερον
695 1265 740 1305 δὲ
766 1264 837 1305 καί
857 1263 960 1318 πρὸς
989 1263 1235 1320 συγγραφάς
1276 1266 1471 1314 ἐξέδωκεν
1500 1263 1673 1320 ἑαυτὸν,

242 1331 314 1372 καί
341 1328 389 1384 δὴ
422 1332 491 1371 καί
526 1329 774 1384 σύγγραμμα
812 1330 855 1380 ἐξ
883 1330 1078 1384 ἐπιταγῆς
1115 1333 1187 1384 τῆς
1214 1333 1314 1384 ἐμῆς
1344 1327 1582 1380 ὃεσπότιδος
1607 1330 1675 1373 καὶ

236 1395 419 1452 μητρός,
446 1398 516 1450 τῆς
541 1397 755 1448 βασιλίδος
784 1396 894 1451 φημί
921 1396 1121 1451 Εἰρήνης,
1150 1395 1391 1449 ἑσχεδιάσεν
1415 1390 1528 1446 ἄξιον
1553 1394 1672 1452 λόγου
1685 1413 1735 1440 w

238 1461 311 1504 καί
334 1460 626 1515 ἀναγνώσεως,
667 1459 856 1515 ἱστορίαν
885 1460 1144 1514 συντεταχώς
1181 1463 1263 1503 τῶν
1308 1460 1387 1517 πρὸ
1416 1463 1491 1502 τοῦ
1520 1461 1674 1517 α’ναδὴ-

238 1531 398 1571 σασθαι
424 1525 499 1576 τὰς
526 1529 599 1582 τῆς
625 1528 844 1580 βασιλείας
877 1526 997 1581 ἦνιάς
1025 1526 1208 1582 πράξεων
1236 1527 1393 1581 τοιῖμοῦ
1421 1526 1603 1583 πατρός,
1628 1529 1673 1570 ἐν

330 1669 363 1711 4.
388 1665 495 1702 τοῦδε
518 1666 587 1721 Ρβ.
616 1666 765 1698 correxi.
881 1666 911 1702 5.
941 1668 1145 1713 συγχίομαι
1169 1666 1193 1698 Ρ
1218 1666 1254 1698 in
1277 1665 1444 1710 margine,
1470 1667 1673 1712 συνέχομαι

328 1715 398 1748 PG.
518 1726 583 1756 την
607 1712 760 1759 γνώμην
786 1711 827 1745 G.
922 1716 984 1746 καὶ
1013 1717 1173 1751 πένθους
1198 1712 1240 1754 C,
1265 1712 1326 1746 τοῦ
1349 1715 1410 1746 καὶ
1431 1711 1578 1751 πάθους
1600 1713 1671 1746 PG.

326 1763 361 1796 6.
386 1762 621 1808 ἔμπίπλαμαι
644 1759 690 1801 C,
708 1760 977 1814 §unfiunloeum
1003 1760 1072 1795 PG.
1167 1762 1199 1796 8.
1224 1753 1332 1793 ταύτὸ
1359 1758 1397 1792 C.
1505 1769 1554 1804 17.
1582 1758 1669 1802 ὁση-
1714 1766 1720 1772 ·

328 1807 487 1851 δήποτεὶ)
603 1816 658 1839 20.
681 1819 743 1847 της
766 1817 832 1840 om.
858 1806 900 1839 G.

237 1916 345 1964 atque
371 1919 596 1952 orientalium
623 1918 799 1963 copiarum
816 1918 1008 1952 domestico
1034 1922 1172 1962 captus,
1188 1917 1305 1949 Borilo
1330 1915 1479 1950 traditus
1503 1916 1549 1950 sit
1573 1917 1668 1950 inte-

237 1967 307 2011 gris
334 1967 436 1999 etiam
461 1971 535 1999 tum
561 1966 687 2006 oculis,
712 1966 749 1998 id
776 1967 838 2010 qui
862 1965 1057 1999 accuratius
1083 1974 1293 2008 cognoscere
1319 1964 1477 2008 cupiunt,
1506 1963 1551 1996 ad
1572 1975 1670 1997 sum-

236 2024 331 2046 mum
361 2013 568 2046 remittimus
594 2012 786 2045 Caesarem.
813 2024 892 2045 nam
915 2012 1042 2045 Caesar
1064 2011 1122 2043 hic
1146 2016 1182 2043 et
1206 2010 1319 2043 Alexii
1336 2011 1569 2043 Romanorum
1592 2021 1671 2044 sce·

235 2065 316 2105 ptra
353 2059 423 2092 iam
446 2059 568 2103 adepti
601 2070 706 2102 gener
742 2065 835 2100 erat,
871 2065 906 2092 et
936 2058 1100 2102 Bryennii
1135 2058 1232 2090 illius
1267 2068 1390 2101 nepos.
1421 2067 1542 2089 verum
1580 2056 1669 2090 haec
1723 2075 1725 2077 ·

236 2116 433 2140 memorans
457 2105 656 2139 confundor
681 2106 796 2138 animo
822 2107 992 2151 luctuque
1017 2105 1156 2138 afficior.
1192 2109 1375 2148 praestans
1400 2103 1492 2136 enim
1519 2104 1668 2138 consilio

238 2154 268 2186 is
291 2158 367 2186 erat
403 2158 440 2186 et
476 2153 681 2197 eloquentia
716 2153 1059 2197 praestantissimi]s·⁷
1086 2151 1211 2191 robur,
1250 2150 1407 2194 agilitas,
1440 2149 1569 2192 forma,
1602 2161 1670 2195 po·
1711 2154 1727 2184 ‘²³2

237 2205 367 2234 stremo
391 2209 623 2245 quaecunque
653 2205 736 2232 sunt
758 2200 866 2232 animi
894 2200 1123 2244 corporisque
1149 2197 1262 2237 bona,
1297 2208 1338 2229 ea
1362 2196 1551 2230 coniuncta
1584 2197 1668 2229 uni-
1723 2209 1735 2238 f*

237 2257 338 2281 versa
362 2246 541 2279 homiuem
569 2246 758 2288 ornabant3
785 2258 894 2279 unum
933 2246 1024 2278 enim
1052 2245 1154 2277 illum
1179 2244 1216 2276 in
1242 2242 1404 2276 omnibus
1430 2243 1534 2276 rebus
1562 2254 1667 2288 prae·

239 2293 490 2327 stantissimum
516 2297 552 2325 et
578 2298 700 2325 natura
724 2292 837 2327 edidit
862 2298 898 2326 et
922 2293 1006 2325 deus
1032 2291 1152 2333 finxit3
1178 2296 1214 2323 et
1241 2291 1384 2335 qualem
1397 2288 1572 2323 Achillem
1592 2290 1668 2323 Ho-
1715 2293 1732 2334 {³⁴-

238 2351 352 2374 merus
379 2340 573 2384 antiqui-tus
598 2339 809 2379 celebravit,
842 2340 950 2372 talem
990 2339 1118 2372 dixerit
1144 2338 1319 2382 quispiam
1344 2337 1526 2379 Caesarem
1550 2347 1670 2370 meum
1706 2338 1739 2380 1ζῦ

237 2387 332 2420 inter
355 2397 494 2426 omnes,
521 2386 583 2431 qui
616 2386 680 2418 sub
706 2386 780 2419 sole
808 2392 910 2427 sunt,
948 2386 1114 2419 extitisse.
1142 2384 1199 2416 hic
1227 2384 1335 2427 igitur
1362 2383 1488 2416 Caesar
1512 2395 1590 2416 cum
1617 2383 1670 2417 rei
1710 2383 1740 2427 ⁵32}

235 2433 400 2466 militaris
425 2432 655 2478 peritissimus
686 2438 800 2473 esset,
834 2433 1031 2466 litterarum
1067 2442 1140 2464 non
1170 2436 1246 2463 erat
1276 2440 1422 2475 expers3
1461 2429 1523 2463 sed
1547 2441 1668 2464 omnes
1709 2430 1743 2475 ρξ’

236 2480 349 2514 libros
374 2479 571 2520 evolverat,
600 2479 833 2524 omnibusque
858 2480 991 2512 artibus
1023 2479 1199 2518 imbutus,
1223 2488 1384 2520 magnam
1412 2476 1480 2509 sibi
1509 2476 1668 2521 pruden-

238 2528 322 2560 tiam
351 2531 612 2571 comparaverat
643 2531 678 2558 et
703 2532 899 2559 nostrarum
929 2537 1042 2558 rerum
1066 2531 1103 2558 et
1137 2530 1383 2566 externarum3
1410 2529 1533 2568 postea
1561 2524 1667 2557 etiam

237 2573 284 2606 ad
315 2573 477 2606 historias
510 2571 712 2605 scribendas
748 2573 901 2605 animum
953 2572 1095 2616 appulit
1142 2581 1302 2615 opusque
1353 2571 1448 2602 iussu
1501 2569 1667 2604 dominae
1704 2571 1715 2586 ³
1736 2595 1739 2607 2

237 2631 278 2653 ac
315 2621 435 2654 matris
473 2629 594 2661 meae,
632 2619 863 2665 imperatricis
897 2620 1034 2660 Irenes,
1060 2618 1216 2651 exaravit
1245 2616 1350 2650 laude
1375 2621 1411 2651 et
1428 2617 1583 2651 lectione
1607 2617 1665 2651 di-
