1754 3086
260 99 372 162 236
710 123 891 164 ANNAE
932 124 1226 167 consumi:

256 233 355 270 σας,
393 218 605 277 εὐφημίας
649 217 776 269 αὖθις
802 225 897 275 παρ’
925 222 1082 264 ἐκείνου
1122 223 1327 278 τυγχάνει.
1384 222 1558 269 κᾶπειτα
1582 227 1692 281 πρὸς,

255 282 301 325 τὸ
329 283 561 340 Σαλερηνὸν
590 287 860 340 ἐπανέρχεται
877 320 889 339 ,
918 290 990 342 τῆς
1023 290 1068 329 ἐκ
1096 292 1178 330 τῶν
1204 293 1364 338 πολλῶν
1387 289 1534 344 μόθων
1562 308 1691 335 uano-»

254 351 433 398 παθείας
458 347 612 393 ἑαυτὸν
638 353 976 407 ἀνακτησάμενος.

361 416 401 468 4.
457 417 571 456 Μετ’
597 415 650 458 ου’
684 417 789 459 πολὺ
820 420 867 459 δὲ
897 417 1206 471 καταλαμβάνει
1241 422 1387 462 τοῦτον
1421 419 1443 462 ὁ
1469 424 1686 475 Βαϊμοῦν-

252 495 338 532 τος,
367 478 442 535 τήν
471 480 662 535 ἀγγελίαν
678 484 748 536 τῆς
764 482 1052 537 ἐπισυμβάσης
1071 483 1183 539 αὐτῷ
1209 481 1331 539 ἥττης
1358 487 1429 527 ε’πί
1453 488 1529 528 τοῦ
1557 487 1725 542 προσ-Ξ

251 545 368 586 τόπου
397 548 549 602 φέρων.
619 544 732 596 ὅπως
767 550 813 590 δὲ
840 549 1034 599 ξυνέπεσε
1058 547 1110 590 τὰ
1141 551 1212 602 τῆς
1238 548 1366 604 τύχης
1402 551 1536 608 αὐτῷ,
1565 550 1586 592 ὅ
1616 556 1687 594 λο-

248 626 319 664 γος
344 605 423 666 ἤδη
452 611 639 667 δηλώσει.
714 616 787 655 καί
810 613 891 667 γάρ
927 615 1010 655 τῶν
1048 614 1203 656 ἐκείνου
1241 617 1498 670 μεμνημένος
1524 633 1709 671 παραγ»

247 676 489 732 γελμάτων,
520 680 592 719 καί
620 673 755 728 ἄλλως
783 680 829 720 δὲ
858 680 1097 735 Ἀρηῖφιλος
1129 675 1188 721 (ὂν
1214 679 1316 735 ἀνὴρ
1345 683 1419 722 καί
1445 683 1686 737 φιλοκινδυ-

246 739 438 795 νότατος,
479 742 606 797 dnm}
642 745 712 798 τῆς
740 744 844 785 κατά
884 747 960 785 τοῦ
996 746 1201 796 βασιλέως
1241 745 1377 801 μάχης
1406 745 1557 800 εἴχετο.
1614 749 1688 790 καί

246 805 321 855 τὰς
348 808 458 857 ι’ὃιάς
486 810 684 862 δυνάμεις
717 809 1046 862 ἆναλαβόμενος,
1091 813 1453 866 συνεφεπομένους
1481 810 1590 865 ἔχων
1614 813 1730 859 καίει

247 870 395 914 ὁπόσοι
439 874 751 928 ἐλλογιμώτεροι
789 874 862 916 καί
888 874 1056 929 λογάδες
1089 874 1308 928 Ῥωμαίων
1336 880 1589 931 στρατιῶται
1615 878 1688 920 καί

209 935 439 991 Οῆγεμόνες
459 940 542 980 τῶν
560 938 672 993 παρὰ
701 942 777 981 τοῦ
789 936 1044 994 Ῥομπέρτου
1073 944 1414 994 κατασχεθεισαῖν
1435 945 1589 998 χωρῶν
1614 943 1688 986 καί

245 1002 430 1056 πόλεων,
474 1002 771 1058 (ἀπεγνωκότες
805 1004 885 1059 γὰρ
926 1005 1121 1058 καθάπαξ
1146 1009 1223 1048 τοῦ
1247 1007 1570 1063 αὔτοκράτορος,
1597 1006 1693 1050 ὅλοι.

244 1069 320 1122 τῆς
358 1071 436 1110 τοῦ
462 1067 732 1121 Βαϊμούντου
761 1069 953 1124 γεγόνασι
998 1071 1210 1127 γνώμης,)
1253 1072 1564 1126 καταλαμβάνει
1608 1073 1680 1116 διὰ

246 1135 322 1187 τῆς
348 1137 605 1189 Βαγενητάκς
630 1134 679 1177 τά
707 1134 937 1190 Ἰωάννινα,
980 1135 1053 1179 καί
1077 1136 1239 1193 τάφρον
1267 1136 1372 1180 κατὰ
1403 1139 1500 1188 τούς
1528 1137 1736 1190 ἕξωθενὲξ

247 1200 531 1252 διακειμένους
573 1196 822 1253 ἀμπελῶνας
859 1201 1034 1256 ποιήσας
1069 1201 1295 1257 πρότερον,
1333 1200 1421 1256 ἅμα
1460 1205 1508 1246 δὲ
1535 1207 1609 1247 καί
1633 1203 1682 1247 τὸ

246 1260 460 1306 ὁπλιτικὸν
478 1260 589 1307 ἅπαν
609 1267 653 1307 έν
671 1266 900 1320 ἐπικαίροις
917 1267 1060 1317 τόποις
1087 1271 1381 1322 καταθέμενος,
1412 1270 1544 1319 αὐτὸς
1573 1269 1688 1320 ἐντός

246 1327 324 1378 τοὶς
351 1329 502 1386 σκηνὰς
532 1329 726 1385 ἐπήξατο.
776 1331 833 1374 τά
865 1333 911 1374 δὲ
947 1334 1064 1388 >τείχη
1092 1332 1383 1391 περιαθρήσας
1410 1335 1484 1376 καί
1508 1333 1586 1388 τήν
1612 1337 1690 1376 τοῦ·
1719 1371 1724 1375 .

244 1395 423 1451 κάπρου
443 1395 667 1451 ἀκρόπολιν
692 1399 907 1453 ἐπισφαλῆ
935 1396 1146 1452 διαγνούς,
1177 1400 1230 1440 ου’
1253 1397 1381 1451 μόνον
1400 1398 1533 1454 αὐτὴν
1561 1400 1688 1454 ἀνορ-

247 1463 374 1515 θοῦν,
421 1461 477 1511 ὥς
505 1461 619 1516 ἐνόν,
658 1463 870 1518 ἠπείγετο,
911 1462 1017 1504 ἀλλὰ
1056 1463 1131 1505 καί
1167 1461 1314 1517 ἑτέραν
1355 1466 1399 1507 ἐν
1426 1460 1540 1521 ἄλλῳ
1565 1467 1740 1521 μέρειω

1719 1046 1733 1065 ἱ

338 1618 370 1639 2.
395 1603 587 1652 σαλερινόν
613 1608 655 1640 G.
814 1607 960 1643 πολλῶν
987 1619 1056 1643 om.
1083 1607 1154 1642 CG.
1267 1635 1272 1639 .
1294 1608 1428 1654 μόθων
1451 1608 1498 1649 C,
1529 1608 1686 1655 μόχθων

336 1654 413 1694 ΡΑ,
435 1653 569 1699 μύθων
588 1653 630 1686 G.
746 1666 779 1698 9.
804 1654 865 1696 τῆς
888 1653 969 1689 add.
995 1655 1061 1697 Fa.
1192 1656 1241 1699 14.
1265 1658 1426 1701 γέγοναν
1451 1655 1489 1687 C.
1633 1657 1683 1689 15.

337 1703 565 1746 Βαγενητίας
588 1701 658 1742 PF,
680 1704 891 1746 βαγενετίας
914 1703 939 1733 Α
954 1727 963 1742 ,
991 1703 1195 1747 βεγενετίας
1218 1703 1248 1734 G
1275 1703 1366 1735 etin
1387 1702 1546 1745 margine
1568 1703 1684 1736 “forte

337 1749 369 1781 Γ
366 1749 599 1791 λαβινίιζης”.
709 1750 761 1782 16.
788 1747 1038 1794 διακειμένους
1071 1759 1137 1780 0111.
1165 1748 1237 1784 CG.
1363 1759 1412 1793 ¹7·
1436 1744 1627 1791 ὃπλητικὸν
1649 1750 1685 1783 Ρ.

343 1796 395 1829 ¹8.
417 1795 569 1834 ἐπὲξατο
595 1793 631 1827 Ρ.
748 1793 836 1829 τάδε
861 1795 895 1835 Ρ,
918 1791 960 1828 τοὶ
989 1795 1028 1829 δὲ
1052 1794 1095 1827 G.

250 1937 335 1969 titus
353 1961 362 1975 ,
399 1946 468 1967 una
493 1947 573 1968 cum
598 1946 690 1981 papa
718 1934 863 1969 Romam
886 1945 1006 1969 versus
1032 1935 1101 1970 iter
1125 1934 1275 1976 direxit3
1301 1945 1407 1980 quem
1432 1944 1509 1968 cum
1536 1935 1575 1967 in
1600 1935 1685 1968 sede

249 1982 509 2023 confirmasset,
543 1983 620 2027 ipse
647 1983 799 2015 vicissim
826 1982 869 2015 ab
907 1992 950 2015 eo
975 1994 1036 2016 rex
1059 1982 1293 2016 renuntiatur.
1320 1981 1404 2015 dein
1431 1981 1617 2014 Salernum
1645 1993 1684 2015 se

249 2029 424 2070 contulit,
449 2035 489 2061 ut
513 2039 555 2061 ex
581 2029 702 2063 multis
728 2029 819 2062 belli
842 2028 1025 2062 laboribus
1052 2041 1089 2063 se
1113 2029 1284 2062 reficeret.

344 2077 376 2120 4.
424 2075 534 2108 Paulo
558 2081 640 2120 post
653 2075 874 2109 Boemundus
893 2075 939 2108 ad
964 2087 1044 2109 eum
1068 2075 1242 2122 pervenit,
1265 2078 1430 2119 acceptae
1455 2074 1565 2108 cladis
1590 2087 1685 2108 nun-

249 2123 339 2156 tium
364 2123 400 2154 in
424 2122 526 2155 vultu
550 2122 678 2156 ferens.
704 2134 809 2168 quem
835 2122 1016 2168 quomodo
1037 2123 1179 2156 fortuna
1204 2122 1379 2162 afflixerit,
1406 2120 1573 2167 deinceps
1601 2133 1684 2155 nar-

250 2169 417 2202 rabimus.
441 2180 524 2201 nam
556 2180 635 2201 cum
672 2170 701 2202 is
728 2171 838 2214 patris
863 2175 1052 2215 praecepta
1079 2169 1192 2214 probe
1215 2173 1355 2201 teneret
1383 2173 1421 2200 et
1445 2167 1606 2214 alioquin
1629 2170 1685 2202 vir

250 2220 344 2249 esset
365 2215 467 2248 fortis
494 2221 600 2261 atque
626 2215 671 2249 ad
695 2217 851 2261 pericula
879 2217 1175 2261 promptissimus,
1200 2225 1341 2260 pugnae
1366 2226 1445 2247 cum
1467 2215 1682 2259 imperatore

248 2261 490 2296 conserendae
529 2263 749 2295 occasionem
785 2264 949 2308 captavit.
975 2264 1098 2308 itaque
1123 2273 1201 2295 cum
1225 2261 1337 2306 copiis
1360 2261 1454 2302 suis,
1478 2262 1684 2295 comitanti-

248 2309 316 2343 bus
330 2309 447 2349 etiam,
461 2313 642 2354 quotquot
654 2311 889 2343 Romanorum
913 2309 1046 2343 milites
1069 2309 1153 2342 lecti
1169 2308 1347 2353 ducesque
1371 2319 1414 2340 ex
1439 2308 1550 2353 captis
1576 2320 1595 2340 a
1609 2310 1681 2341 Ro-

248 2355 351 2390 berto
380 2355 583 2400 regionibus
621 2355 843 2401 urbibusque
869 2356 1152 2400 transfugerant,
1186 2355 1277 2399 (cum
1305 2354 1399 2387 enim
1418 2354 1463 2387 de
1486 2355 1678 2400 imperato-

250 2403 297 2435 ris
325 2401 428 2436 rebus
463 2402 606 2435 omnino
633 2402 874 2447 desperarent,
898 2408 976 2436 toto
993 2403 1112 2436 animo
1141 2401 1289 2434 obnoxii
1311 2400 1515 2434 Boemundo
1540 2403 1680 2448 erant,)

249 2460 313 2494 per
340 2449 562 2493 Bagenetiam
597 2448 795 2482 Iohannina
827 2449 1008 2495 profectus
1037 2454 1100 2482 est.
1141 2447 1203 2480 ubi
1231 2459 1308 2481 cum
1348 2448 1482 2481 vallum
1507 2448 1545 2480 in
1570 2448 1686 2481 vineis

249 2502 348 2529 extra
375 2495 500 2529 urbem
525 2495 602 2528 sitis
627 2496 780 2540 primurn
815 2497 978 2537 iecisset,
1015 2495 1282 2539 exercitumque
1316 2495 1516 2528 universum
1541 2494 1682 2528 idoneis

250 2542 485 2588 disposuisset
510 2541 722 2576 stationibus
737 2567 746 2582 ‚
773 2543 849 2587 ipse
873 2543 970 2576 intus
1007 2547 1117 2575 castra
1143 2542 1274 2586 posuit.
1299 2552 1417 2575 muros
1440 2546 1560 2574 autern
1582 2546 1682 2586 post.

250 2601 357 2635 quam
382 2589 598 2634 exploravit,
626 2594 662 2622 et
685 2599 799 2621 arcem
824 2600 948 2634 parurn
972 2589 1106 2622 firmam
1132 2588 1322 2628 intellexit,
1346 2599 1419 2620 non
1446 2587 1553 2621 modo
1583 2588 1683 2622 illam

253 2636 465 2677 restituere,
490 2640 660 2680 quantum
685 2641 817 2681 posset,
843 2636 996 2676 studuit,
1022 2635 1085 2669 sed
1112 2640 1149 2668 et
1175 2635 1321 2668 alteram
1347 2634 1385 2667 in
1410 2634 1479 2667 alia
1500 2634 1683 2668 moenium

251 2689 366 2728 parte,
390 2682 451 2716 ubi
474 2683 585 2728 magis
602 2682 823 2716 commodum
841 2682 1048 2724 videbatur,
1073 2682 1195 2715 turrim
1224 2681 1458 2716 firmissimam
1483 2681 1685 2726 exstruxitt.
