1754 3086
230 95 334 152 188
669 115 852 157 ANNAE
891 117 1186 158 COMNENAE

219 213 410 269 τετάρτης
431 213 732 268 ἕπινεμησεως,
763 218 857 268 μεθ’
888 214 1046 258 ἱππέων
1073 214 1145 258 καί
1166 214 1302 266 πεζῶν
1328 212 1546 267 δυνάμεων
1573 217 1667 269 dgn-

219 278 332 333 θμὸν
361 280 730 335 ὑπερβαινουσῶν,
771 283 843 323 καί
867 280 1049 338 φοβερὸν
1087 282 1192 324 ἰδεῖν
1220 280 1301 323 άπὸ
1328 296 1371 323 τε
1401 283 1476 323 τοῦ
1504 282 1667 336 σχημα-

219 361 289 395 τος
323 342 405 386 α’πό
434 360 480 387 τε
517 347 588 400 τῆς
617 348 892 402 στρατηγικῆς
922 347 1213 397 καταστάσεως
1231 364 1243 375 ·
1319 341 1400 402 ἤδη
1428 345 1507 401 γάρ
1539 343 1666 389 ἅπαν·

82 420 115 453 Ρ.
135 420 195 453 ιο3
218 413 403 464 ταχόθεν
431 404 561 460 αὖθις
596 410 875 466 συνήθροιστο
907 411 1173 467 στράτευμα·
1246 413 1292 455 ἐν
1321 414 1368 455 δὲ
1398 414 1452 470 τῇ
1483 412 1667 470 θαλάττῃ
1694 455 1698 459 λ

217 481 409 518 παντοῖον
447 473 558 527 εἶδος
600 479 755 520 πλοίων
795 479 896 531 μεθ’
924 476 1076 532 ἑτέρων
1117 481 1408 532 στρατιωτῶν,
1449 473 1707 534 ἐμπειρίανδ

217 540 371 597 πολλὴν
399 545 478 583 τοῦ
505 542 576 584 διὰ
606 542 814 598 θαλάττης
843 545 1026 596 πολέμου
1056 541 1260 597 ἐχόντων,
1290 542 1337 586 τὸ
1368 542 1562 586 ναυτικὸν
1589 538 1669 586 αὖ·

217 610 295 649 τοῦ
325 608 606 660 ὃιεπλωίζετο.
676 611 1088 664 περιστοιχισθέντες
1128 605 1203 650 οὖν
1237 607 1276 651 οἱ
1318 611 1393 652 τοῦ
1419 611 1669 664 Δυρραχίου

217 671 334 723 ἐντὸς
363 676 407 725 ἐξ
443 672 643 730 ἑκατέρου
672 676 855 729 μέρους,
884 673 1097 730 θαλάττης
1138 673 1250 731 φημὶ
1276 674 1348 716 κατ’
1372 676 1570 731 ἠπείρου,
1599 674 1673 718 καὶ

221 741 540 794 άπειροπληθεῖς
570 739 644 789 τάς
665 743 742 782 τοῦ
762 741 1017 795 Ῥομπέρτου
1046 741 1221 795 ὁρῶντες
1243 739 1443 794 δυνάμεις
1469 743 1542 782 καί
1567 739 1669 782 πάν-

221 823 273 848 τα
301 806 418 860 λόγον
446 804 806 861 ὑπερβαινούσας,
836 809 1017 864 μεγίστῳ
1056 809 1142 849 δέει
1174 806 1431 861 συνείχοντο.
1488 807 1511 848 ὁ
1545 807 1591 847 δέ
1623 821 1670 860 γε
1686 795 1717 851 ἦ

221 871 514 925 Παλαιολόγος
553 874 593 914 Γ
591 871 762 927 εώργιος
801 879 986 926 γενναῖος
1025 869 1084 915 ὧν
1135 873 1240 928 ἀνὴρ
1291 874 1364 915 καί
1395 871 1672 928 στρατηγικὴν

181 939 360 980 Βπᾶσαν
389 940 683 993 ἐξησκημένος,
709 940 891 991 μυρίους
922 940 968 980 δὲ
996 941 1203 991 πολέμους
1229 938 1537 994 ἀγωνισάμενος
1565 938 1666 981 κατά

218 1003 295 1059 τὴν
322 1005 378 1045 ἕω
406 1005 478 1046 καί
504 1002 666 1059 νικητης
695 1005 984 1058 α’ναδειχθείς,
1020 1005 1332 1061 α’κατάπληκτος
1361 1002 1420 1047 ὢν
1443 1004 1521 1060 τὴν
1550 1003 1670 1047 πόλιν
1718 1003 1721 1015 ⁴

221 1070 500 1125 κατωχύρου,
537 1068 612 1120 τάς
652 1085 698 1112 τε
739 1070 928 1121 ἐπάλξεις
965 1073 1287 1123 κατασκευάζων
1314 1070 1418 1114 κατὰ
1459 1070 1534 1121 τάς
1565 1071 1670 1114 ὕπο-
1719 1107 1723 1125 ,

220 1135 466 1190 θημοσύνας
497 1137 570 1178 τοῦ
597 1136 925 1191 αὐτοκράτορος,
954 1140 1026 1179 καί
1053 1137 1288 1190 λιθοβόλοις
1315 1135 1366 1180 τά
1397 1140 1514 1193 τείχη
1540 1155 1669 1180 κατα·
1687 1126 1727 1183 ιζ

222 1204 389 1244 πυκνῶν
415 1201 703 1257 μηχανήμασι,
733 1201 832 1252 τούς
857 1218 899 1244 τε
921 1203 1267 1252 άναπεπτωκότας
1293 1207 1374 1246 τῶν
1402 1205 1672 1258 στρατιωτῶν

223 1266 536 1322 ἀνακτώμενος,
570 1269 644 1309 καί
672 1266 852 1317 σκοπούς
880 1270 933 1310 δι’
966 1266 1066 1310 ὅλου
1095 1268 1363 1325 καταστήσας
1392 1273 1468 1312 τοῦ
1495 1271 1670 1325 τείχους.

222 1334 297 1377 καί
323 1333 453 1384 αὐτὸς
482 1333 532 1389 δὴ
554 1332 840 1388 περιπολεύων
856 1333 925 1376 διὰ
949 1335 1084 1391 πάσης
1111 1333 1255 1386 νυκτὸς
1281 1335 1354 1378 καί
1379 1336 1540 1392 ἡμέρας
1567 1337 1671 1378 ἐπα·
1716 1385 1717 1389 ¹

220 1407 418 1458 γρυπνεῖν
448 1400 547 1450 τούς
575 1400 864 1457 φυλάσσοντας
891 1400 1206 1456 παρεκελεύετο.
1264 1406 1493 1459 τηνικαῦτα
1523 1403 1569 1444 δὲ
1597 1402 1671 1444 καί
1723 1449 1732 1466 η

221 1467 294 1510 διὰ
321 1466 578 1523 γραμμάτων
615 1465 689 1522 τὴν
713 1468 787 1510 τοῦ
815 1467 1067 1523 Ῥομπέρτου
1097 1469 1250 1526 ἔφοδον
1277 1469 1429 1526 ἐδήλου
1457 1471 1515 1526 τῷ
1544 1471 1666 1511 av’ro-
1681 1469 1734 1512 πό

181 1531 416 1589 οκράτορι,
445 1536 518 1575 καί
544 1529 609 1574 ὅτι
638 1531 712 1588 τὴν
739 1534 860 1576 πόλιν
887 1537 1173 1590 πολιορκήσων
1201 1536 1246 1578 τὸ
1264 1534 1510 1591 Δυρράχιον
1537 1551 1669 1591 παρε-

220 1600 375 1654 γένετο.
446 1599 486 1643 οἱ
521 1602 568 1643 δὲ
594 1600 707 1651 ε’ντός
735 1601 914 1658 ὁρῶντες
955 1603 1029 1651 τὰς
1067 1601 1224 1654 ἔξωθεν
1257 1601 1465 1653 ἑλεπόλεις
1495 1602 1568 1645 καί
1595 1599 1669 1644 τόν

315 1750 350 1772 2.
373 1748 419 1772 an
445 1737 643 1785 φοβερῶνὲ
730 1734 823 1773 ἰδών
848 1736 892 1774 G.
966 1740 998 1774 3.
1023 1741 1087 1773 καὶ
1111 1736 1186 1774 ἀπὸ
1211 1739 1271 1782 τῆς
1297 1738 1340 1773 G.
1389 1755 1398 1780 2
1422 1734 1499 1786 γὰρ
1523 1748 1592 1770 om.
1622 1737 1665 1771 G.

314 1788 348 1822 5.
374 1789 566 1822 παντοίων
595 1785 637 1819 G.
726 1789 759 1822 6.
786 1785 980 1830 θαλάσσης
994 1785 1059 1820 CA.
1140 1799 1171 1831 7.
1195 1786 1428 1829 διεπλωΐζετο
1440 1787 1478 1828 C,
1505 1783 1669 1820 διεπλοΐ-

317 1835 395 1875 ζετο
420 1833 491 1869 PG.
528 1833 598 1868 vid.
633 1838 792 1867 annotat.
923 1837 1268 1882 περιστοιχίσαντες
1292 1834 1328 1867 C.
1466 1844 1515 1867 12.
1541 1827 1634 1866 κατὰ
1657 1844 1666 1865 :

315 1883 405 1927 περὶ
430 1881 465 1914 C.
541 1883 592 1916 13.
618 1879 841 1928 ἄναδεχθεὶς
864 1882 906 1916 G.
984 1883 1036 1927 14.
1063 1877 1177 1916 κατὰι
1200 1878 1244 1925 ἦν
1268 1875 1361 1916 κατὰ
1390 1881 1430 1915 Δ.
1507 1881 1557 1916 18-
1583 1881 1668 1915 sva·

316 1934 500 1976 γρυπνεῖν
533 1929 576 1963 G.

221 2031 473 2078 destribusque
497 2032 609 2076 copiis
634 2032 853 2074 innumeris,
878 2031 1032 2066 terribili
1057 2032 1174 2077 specie
1197 2035 1346 2077 propter
1369 2029 1532 2064 habitum
1560 2029 1665 2064 ordi·
1721 2037 1745 2060 ι’

220 2079 406 2125 nandique
431 2080 626 2122 rationem3
651 2080 721 2112 iam
739 2081 833 2113 enim
851 2080 1011 2126 undique
1037 2080 1213 2113 exercitus
1234 2090 1351 2112 rursus
1379 2082 1617 2120 convenerat,
1644 2088 1666 2110 a
1742 2086 1744 2089 ’

220 2128 308 2160 mari
339 2138 423 2160 vero
462 2127 578 2160 omnis
623 2128 764 2171 generis
798 2128 939 2172 navigia
974 2138 1052 2160 cum
1089 2126 1169 2159 aliis
1201 2125 1398 2166 militibus,
1427 2125 1489 2170 qui
1515 2124 1671 2158 multum

220 2174 393 2208 maritimi
419 2173 509 2207 belli
535 2185 636 2207 usum
663 2173 861 2215 habebant,
883 2174 1026 2207 navales
1053 2175 1127 2207 eius
1153 2173 1273 2217 copias
1298 2172 1488 2206 vehebant.
1518 2172 1670 2205 circum-

220 2221 320 2255 venti
339 2221 451 2265 igitur
473 2221 536 2266 qui
560 2221 819 2264 Dyrrhachium
839 2221 1064 2262 obtinebant,
1094 2232 1138 2254 ex
1153 2226 1303 2265 utraque
1327 2226 1441 2265 parte,
1463 2225 1558 2253 terra
1586 2218 1669 2252 dico

221 2269 404 2314 marique,
447 2273 483 2301 et
510 2268 698 2301 immensas
723 2269 868 2302 Roberti
902 2279 1114 2313 omnemque.
1153 2279 1339 2302 numerum
1375 2271 1583 2312 superantes
1607 2276 1670 2299 co-

220 2317 300 2361 pias
323 2315 540 2360 conspicati,
562 2316 715 2349 maximo
740 2321 876 2349 terrore
901 2316 1016 2349 affecti
1041 2320 1135 2348 sunt.
1160 2320 1197 2348 at
1222 2314 1457 2358 palaeologus
1483 2312 1674 2357 Georgius,

222 2364 277 2396 vir
298 2362 399 2395 fortis
424 2367 459 2396 et
482 2362 591 2395 totius
618 2363 669 2394 rei
695 2363 860 2396 militaris
884 2363 1023 2408 peritus
1040 2388 1049 2402 ,
1078 2362 1140 2406 qui
1165 2373 1208 2394 ex
1231 2362 1429 2395 innumeris
1455 2360 1493 2394 in
1517 2360 1668 2393 Oriente

222 2409 419 2443 commissis
435 2409 581 2455 proeliis
604 2409 720 2443 victor
737 2409 959 2451 discesserat,
975 2408 1156 2453 intrepido
1174 2410 1290 2442 animo
1305 2409 1428 2442 urbem
1449 2407 1669 2440 communie.

222 2457 306 2498 bat,
335 2461 372 2490 et
398 2455 661 2501 propugnacula
687 2462 884 2497 exstruens,
909 2462 1016 2502 prout
1040 2456 1234 2500 imperator
1257 2455 1498 2495 mandaverat,
1525 2459 1563 2487 et
1588 2452 1668 2486 bal-

222 2505 322 2538 listas
352 2503 539 2536 moenibus
572 2502 779 2547 imponens3
814 2504 947 2537 milites
987 2508 1171 2547 praeterea
1188 2529 1196 2543 ‚
1222 2503 1314 2548 siqui
1342 2503 1498 2536 animum
1523 2500 1668 2534 abiece-

225 2557 322 2592 rant,
355 2550 526 2594 erigebat,
557 2550 914 2595 speculatoribusque
947 2561 1012 2596 per
1048 2562 1228 2583 murorum
1252 2551 1438 2583 circuitum
1463 2547 1673 2592 dispositis,

222 2601 296 2643 ipse
323 2597 483 2631 ambiens
506 2602 613 2630 noctu
639 2596 773 2642 diuque
796 2597 945 2642 vigilare
971 2596 1136 2630 custodes
1171 2597 1331 2631 iubebat.
1372 2607 1415 2630 eo
1441 2595 1549 2628 etiam
1573 2599 1665 2628 tem-

222 2656 309 2691 pore
350 2646 601 2689 imperatorem
634 2643 764 2681 litteris
813 2644 858 2677 de
894 2644 1041 2678 Roberti
1080 2643 1282 2689 irruptione
1317 2642 1465 2677 edocuit
1511 2652 1670 2686 eumque>

224 2691 322 2726 urbis
350 2691 561 2736 Dyrrhachii
602 2691 858 2737 expugnandae
893 2691 1042 2726 consilio
1078 2687 1272 2726 advenisse.
1322 2689 1494 2737 oppidani
1529 2693 1663 2729 autem,
