1754 3086
699 177 1019 218 PRAEFATIO.
1529 179 1583 217 Xl

134 270 362 319 Biblioth.
406 259 706 317 Laurentian.
745 270 955 316 Tom.II.
990 288 1039 334 p.
1064 273 1173 318 656.
1227 272 1291 318 ita
1327 269 1583 317 describit:

135 349 659 414 „Animadvertendum
692 361 788 413 est,
840 353 1027 416 inquit,
1068 352 1234 400 deesse
1281 353 1331 400 in
1371 353 1468 400 hoc
1504 370 1586 399 ex—

137 434 335 497 emplari
385 442 541 480 totum
590 433 687 479 sere
718 434 1002 497 Prologum,
1037 434 1171 481 cuius
1205 444 1391 483 tantum
1426 445 1586 483 extant

135 516 303 562 ultima
337 516 504 563 verba:
549 513 716 562 τοίνυν
762 511 959 562 ἐνθένδε
997 520 1080 570 τῆς
1124 516 1346 582 ἱστορίας
1387 537 1426 564 κ.
1460 536 1505 564 τ.
1540 520 1584 567 λ.

133 598 241 645 Mox
287 597 457 660 incipit
490 597 702 652 Ἀλεξιὰς
745 597 922 662 πρώτη.
1002 598 1055 644 Ὁ
1101 597 1336 661 βασιλεὺς
1382 597 1587 654 Ἀλέξιος

133 697 175 727 κ.
210 681 252 727 λ.
332 681 516 728 Desinit
548 679 599 727 in
634 682 777 729 Libro
797 681 909 728 XIV.
959 683 1010 728 in
1040 683 1222 728 verbis:
1265 680 1348 727 καὶ
1383 681 1470 735 τὰς
1506 679 1588 727 δυ-

135 761 300 823 νάμεις
334 763 556 825 ἁπάσας,
593 780 718 827 quae
749 763 972 811 incidunt
994 765 1046 811 in
1068 764 1182 812 edit.
1208 765 1354 812 Paris.
1378 781 1427 827 p.
1446 762 1558 811 449.
1574 800 1589 826 9

135 843 219 890 ubi
255 842 514 891 adnotatur
557 845 606 891 in
652 845 890 910 margine:
934 844 1050 893 “Hic
1085 845 1250 893 deficit
1285 844 1447 893 Codex
1481 849 1589 894 Flo-

138 925 394 972 rentinus.”
462 926 591 972 Alius
621 936 868 989 praeterea
888 926 1099 974 defectus
1118 927 1327 974 duorum
1361 928 1587 975 soliorum

140 1015 240 1053 erat
273 1008 434 1070 paullo
467 1017 576 1055 ante
603 1008 750 1054 finem
777 1007 995 1070 Codicis,
1030 1018 1084 1055 ut
1119 1027 1173 1055 ex
1210 1010 1428 1073 apposita
1459 1027 1590 1055 mar-

133 1089 278 1151 ginali
307 1099 419 1136 nota
442 1091 639 1151 cruitur,
672 1090 770 1135 ἀπὸ
797 1094 890 1137 τῶν
916 1086 1005 1137 ὦδε
1033 1091 1255 1137 λείπουσι
1284 1093 1455 1155 φύλλα
1485 1088 1588 1149 δύο,

138 1172 224 1235 qui
259 1171 438 1218 deinde
462 1189 610 1219 manu
633 1173 747 1219 item
775 1174 974 1236 antiqua
1005 1174 1252 1237 suppletus
1290 1174 1390 1220 suit.
1428 1172 1590 1221 Codex

133 1255 532 1300 membranaceus
558 1253 647 1300 MS.
671 1254 721 1299 in
742 1251 788 1299 lt.
822 1255 1021 1316 maiori,
1056 1254 1188 1301 Sacc.
1211 1255 1334 1316 XII„
1368 1256 1586 1304 omniurn

132 1335 580 1398 praestantissimus,
600 1351 745 1398 quem
763 1335 836 1382 vel
860 1334 1154 1398 descriptum
1175 1337 1247 1382 vel
1267 1338 1465 1400 appr9h;
1487 1348 1585 1385 'mn

134 1417 195 1463 ab
231 1418 332 1480 ipsa
349 1417 484 1463 Anna
519 1416 823 1464 doctissimus
843 1417 1044 1481 Langius
1078 1419 1354 1481 suspicatur.
1395 1421 1588 1467 Constat

137 1498 264 1545 soliis
295 1500 483 1562 scriptis
518 1498 664 1547 21O.‘6
745 1498 864 1546 Cum
914 1501 1011 1547 hoc
1053 1501 1327 1547 Florentino
1362 1502 1461 1548 sive
1494 1521 1585 1566 po-

134 1579 229 1627 tius
255 1579 474 1628 Mediceo
507 1581 676 1629 codice
710 1583 835 1629 liber
869 1581 1204 1630 Gronovianus
1239 1584 1303 1630 ita
1338 1587 1582 1647 congruit.

133 1672 188 1710 ut.
219 1672 321 1710 tota
358 1664 593 1711 Praefatio
629 1664 866 1711 Alexiadis
909 1666 992 1712 hic
1021 1681 1218 1728 quoque
1263 1664 1414 1727 desit,
1449 1684 1548 1729 pra«
1577 1693 1590 1700 -

135 1755 210 1792 ter
250 1746 398 1794 verba
444 1757 653 1795 extrema
684 1748 849 1794 τοίνυν
885 1745 1077 1795 ἐνθένδε
1122 1757 1240 1809 etc,
1281 1765 1405 1812 quae
1440 1766 1486 1812 p.
1510 1752 1589 1805 11,

139 1830 183 1873 7.
216 1826 292 1875 ed.
332 1836 478 1874 nostr.
518 1829 752 1892 leguntur.
823 1829 1044 1890 Accedit,
1091 1828 1226 1892 quod
1260 1846 1286 1875 a
1320 1829 1435 1875 folio
1473 1826 1588 1876 inde

136 1909 363 1957 vicesimo
402 1911 577 1972 passim
614 1920 710 1957 tam
756 1912 807 1955 in
841 1911 1055 1974 margine
1101 1928 1247 1974 quam
1280 1912 1406 1957 inter
1439 1913 1590 1957 lmus

132 1991 408 2038 varietatem
437 1991 631 2037 exhibet
651 1991 930 2052 lectionum,
956 1990 1107 2037 modo
1133 1992 1301 2038 litteris
1319 1992 1451 2050 Fl.,.1
1472 1989 1587 2034 *odo

135 2072 193 2120 F.
215 2073 335 2134 solo,
371 2073 659 2120 distinctam.
699 2072 888 2133 Quibus
910 2074 1076 2120 litteris
1107 2073 1326 2121 codicem
1355 2066 1590 2120 Florenti-

134 2171 250 2201 num
280 2154 535 2219 defflgnari,
557 2173 701 2202 nemo
724 2173 823 2202 non
847 2154 990 2202 videt.
1026 2156 1221 2202 Praeter
1239 2156 1324 2203 has
1345 2155 1590 2214 lsctioncs,

135 2253 292 2299 quae,
335 2237 466 2284 unde
508 2240 751 2300 venerint,
802 2240 932 2302 ipsae
983 2238 1587 2302 loquuntur,.=1iounullae

134 2317 305 2379 ctiam,
339 2319 544 2365 maxime
582 2337 636 2366 cx
659 2321 731 2381 iis,
768 2336 893 2383 (piae
923 2320 1062 2367 lineis
1082 2328 1431 2384 supersctaptae
1462 2329 1588 2380 sunt,

133 2400 267 2445 omni
305 2401 542 2449 eiusmodi
578 2404 927 2466 significatione
971 2414 1149 2451 carent.
1221 2404 1466 2465 Quoniam
1505 2419 1589 2448 au-

137 2488 234 2526 tem
279 2481 485 2529 eandem
529 2485 672 2546 plane
719 2485 962 2533 scribendi
1011 2485 1351 2546 diversitatem,
1388 2503 1442 2531 ac
1478 2485 1589 2531 reli-

134 2576 231 2622 qua
277 2578 331 2609 cx
369 2564 585 2611 Mediceo
621 2566 815 2628 hausta,
858 2584 974 2631 prae
1008 2584 1057 2614 se
1095 2568 1277 2624 serunt,
1314 2568 1432 2612 nihil
1470 2568 1589 2613 mihi

136 2643 436 2703 probabilius
471 2647 685 2710 videtur,
722 2667 866 2713 quam
904 2651 990 2697 has
1035 2668 1235 2713 quoquc
1273 2651 1502 2696 lectiones
1538 2668 1589 2695 cx

134 2723 310 2771 eodeni
347 2727 478 2776 sonte
512 2729 749 2779 derivatas
784 2749 899 2779 esse.
945 2731 1164 2780 Ceterum
1202 2732 1465 2794 specimina
1505 2734 1590 2779 ista
