<?xml version="1.0" encoding="UTF-8"?>
<!DOCTYPE html PUBLIC "-//W3C//DTD XHTML 1.0 Transitional//EN"
    "http://www.w3.org/TR/xhtml1/DTD/xhtml1-transitional.dtd">
<html xmlns="http://www.w3.org/1999/xhtml" xml:lang="en" lang="en">
 <head>
  <title>
</title>
<meta http-equiv="Content-Type" content="text/html;charset=utf-8" />
  <meta name='ocr-system' content='tesseract 3.04.00' />
  <meta name='ocr-capabilities' content='ocr_page ocr_carea ocr_par ocr_line ocrx_word'/>
</head>
<body>
  <div class='ocr_page' id='page_1' title='image "./corpusscriptorum02niebuoft_0220.png"; bbox 0 0 1754 3086; ppageno 0'>
   <div class='ocr_carea' id='block_1_1' title="bbox 289 128 1263 195">
    <p class='ocr_par' dir='ltr' id='par_1_1' title="bbox 289 128 1263 195">
     <span class='ocr_line' id='line_1_1' title="bbox 289 128 1263 195; baseline -0.002 -14"><span class='ocrx_word' id='word_1_1' title='bbox 289 128 390 195; x_wconf 70' lang='lat'><strong>164</strong></span> <span class='ocrx_word' id='word_1_2' title='bbox 708 143 914 182; x_wconf 57' lang='lat' dir='ltr'><strong>-AsmAu</strong></span> <span class='ocrx_word' id='word_1_3' title='bbox 968 139 1263 180; x_wconf 64' lang='lat' dir='ltr'><strong>COMNENAE</strong></span> 
     </span>
    </p>
   </div>
   <div class='ocr_carea' id='block_1_2' title="bbox 168 233 1754 1683">
    <p class='ocr_par' dir='ltr' id='par_1_2' title="bbox 168 233 1754 1683">
     <span class='ocr_line' id='line_1_2' title="bbox 274 233 1712 300; baseline -0.008 -13"><span class='ocrx_word' id='word_1_4' title='bbox 274 244 368 300; x_wconf 76' lang='grc' dir='ltr'><em>ἱερά</em></span> <span class='ocrx_word' id='word_1_5' title='bbox 401 246 532 296; x_wconf 79' lang='grc' dir='ltr'><em>ἐκείνη</em></span> <span class='ocrx_word' id='word_1_6' title='bbox 559 242 672 295; x_wconf 72' lang='grc' dir='ltr'><em>γυνη.</em></span> <span class='ocrx_word' id='word_1_7' title='bbox 730 240 982 296; x_wconf 79' lang='grc' dir='ltr'><em>σωφροσύνῃ</em></span> <span class='ocrx_word' id='word_1_8' title='bbox 1002 243 1079 293; x_wconf 78' lang='grc' dir='ltr'><strong>μὲν</strong></span> <span class='ocrx_word' id='word_1_9' title='bbox 1108 240 1186 292; x_wconf 79' lang='grc' dir='ltr'><strong>γαρ</strong></span> <span class='ocrx_word' id='word_1_10' title='bbox 1211 239 1402 279; x_wconf 74' lang='grc' dir='ltr'><em>τοσοῦτον</em></span> <span class='ocrx_word' id='word_1_11' title='bbox 1439 233 1616 291; x_wconf 71' lang='grc' dir='ltr'><em>ὑπερῆρε</em></span> <span class='ocrx_word' id='word_1_12' title='bbox 1644 237 1712 276; x_wconf 76' lang='grc' dir='ltr'><strong>καὶ</strong></span> 
     </span>
     <span class='ocr_line' id='line_1_3' title="bbox 273 299 1709 360; baseline -0.006 -8"><span class='ocrx_word' id='word_1_13' title='bbox 273 310 352 360; x_wconf 79' lang='grc' dir='ltr'><strong>τὰς</strong></span> <span class='ocrx_word' id='word_1_14' title='bbox 383 307 515 351; x_wconf 79' lang='grc' dir='ltr'><em>πάλαι</em></span> <span class='ocrx_word' id='word_1_15' title='bbox 535 307 808 360; x_wconf 78' lang='grc' dir='ltr'><em>ὑμνουμένας,</em></span> <span class='ocrx_word' id='word_1_16' title='bbox 837 307 934 359; x_wconf 78' lang='grc' dir='ltr'><em>περί</em></span> <span class='ocrx_word' id='word_1_17' title='bbox 957 301 1015 347; x_wconf 73' lang='grc' dir='ltr'><strong>ὧν</strong></span> <span class='ocrx_word' id='word_1_18' title='bbox 1045 303 1067 346; x_wconf 78' lang='grc' dir='ltr'>ὅ</span> <span class='ocrx_word' id='word_1_19' title='bbox 1096 304 1225 354; x_wconf 74' lang='grc' dir='ltr'><em>πολύς</em></span> <span class='ocrx_word' id='word_1_20' title='bbox 1244 303 1374 357; x_wconf 81' lang='grc' dir='ltr'><em>λόγος,</em></span> <span class='ocrx_word' id='word_1_21' title='bbox 1406 299 1560 344; x_wconf 79' lang='grc' dir='ltr'>ὁπόσον</span> <span class='ocrx_word' id='word_1_22' title='bbox 1587 303 1709 343; x_wconf 63' lang='lat' dir='ltr'><strong>dor-{-</strong></span> 
     </span>
     <span class='ocr_line' id='line_1_4' title="bbox 273 365 1715 430; baseline -0.007 -13"><span class='ocrx_word' id='word_1_23' title='bbox 273 392 351 430; x_wconf 86' lang='grc' dir='ltr'><strong>ρας</strong></span> <span class='ocrx_word' id='word_1_24' title='bbox 377 371 492 429; x_wconf 75' lang='grc' dir='ltr'><em>ἥλιος</em></span> <span class='ocrx_word' id='word_1_25' title='bbox 510 391 520 400; x_wconf 89' lang='grc'><em>·</em></span> <span class='ocrx_word' id='word_1_26' title='bbox 579 371 651 414; x_wconf 83' lang='grc' dir='ltr'><em>τὸν</em></span> <span class='ocrx_word' id='word_1_27' title='bbox 680 373 726 414; x_wconf 78' lang='grc' dir='ltr'><strong>δὲ</strong></span> <span class='ocrx_word' id='word_1_28' title='bbox 756 371 852 426; x_wconf 73' lang='grc' dir='ltr'><em>περὶ</em></span> <span class='ocrx_word' id='word_1_29' title='bbox 890 370 987 420; x_wconf 75' lang='grc' dir='ltr'><em>τοὺς</em></span> <span class='ocrx_word' id='word_1_30' title='bbox 1016 374 1194 426; x_wconf 79' lang='grc' dir='ltr'><em>πένητας</em></span> <span class='ocrx_word' id='word_1_31' title='bbox 1222 367 1352 412; x_wconf 81' lang='grc' dir='ltr'><em>οἶκτον</em></span> <span class='ocrx_word' id='word_1_32' title='bbox 1382 369 1511 422; x_wconf 69' lang='grc' dir='ltr'><em>αὐτῆς</em></span> <span class='ocrx_word' id='word_1_33' title='bbox 1537 369 1610 408; x_wconf 80' lang='grc' dir='ltr'><em>καί</em></span> <span class='ocrx_word' id='word_1_34' title='bbox 1638 365 1715 421; x_wconf 74' lang='grc' dir='ltr'><em>τὴν</em></span> 
     </span>
     <span class='ocr_line' id='line_1_5' title="bbox 273 429 1712 494; baseline -0.008 -12"><span class='ocrx_word' id='word_1_35' title='bbox 273 442 436 494; x_wconf 82' lang='grc' dir='ltr'><em>δαψιλῆ</em></span> <span class='ocrx_word' id='word_1_36' title='bbox 463 438 568 494; x_wconf 85' lang='grc' dir='ltr'><em>πρὸς</em></span> <span class='ocrx_word' id='word_1_37' title='bbox 609 435 707 486; x_wconf 84' lang='grc' dir='ltr'><em>τούς</em></span> <span class='ocrx_word' id='word_1_38' title='bbox 747 439 965 489; x_wconf 78' lang='grc' dir='ltr'><strong><em>δεομένους</em></strong></span> <span class='ocrx_word' id='word_1_39' title='bbox 992 436 1119 491; x_wconf 75' lang='grc' dir='ltr'><em>χεῖρα</em></span> <span class='ocrx_word' id='word_1_40' title='bbox 1163 440 1223 483; x_wconf 84' lang='grc' dir='ltr'><strong>τίς</strong></span> <span class='ocrx_word' id='word_1_41' title='bbox 1253 431 1536 488; x_wconf 77' lang='grc' dir='ltr'><em>παραστήσειε</em></span> <span class='ocrx_word' id='word_1_42' title='bbox 1563 429 1712 486; x_wconf 81' lang='grc' dir='ltr'><em>λόγος;</em></span> 
     </span>
     <span class='ocr_line' id='line_1_6' title="bbox 274 498 1751 560; baseline -0.007 -12"><span class='ocrx_word' id='word_1_43' title='bbox 274 504 410 548; x_wconf 86' lang='grc' dir='ltr'><em>κοινὸν</em></span> <span class='ocrx_word' id='word_1_44' title='bbox 440 507 518 558; x_wconf 80' lang='grc' dir='ltr'><strong>μὲν</strong></span> <span class='ocrx_word' id='word_1_45' title='bbox 543 498 593 560; x_wconf 76' lang='grc' dir='ltr'><strong>ἦν</strong></span> <span class='ocrx_word' id='word_1_46' title='bbox 619 505 643 558; x_wconf 84' lang='grc' dir='ltr'><em>ἢ</em></span> <span class='ocrx_word' id='word_1_47' title='bbox 670 505 797 558; x_wconf 74' lang='grc' dir='ltr'><em>αὐτῆς</em></span> <span class='ocrx_word' id='word_1_48' title='bbox 824 500 939 544; x_wconf 75' lang='grc' dir='ltr'><em>ἑστία</em></span> <span class='ocrx_word' id='word_1_49' title='bbox 967 502 1225 556; x_wconf 77' lang='grc' dir='ltr'><em>καταγώγιον</em></span> <span class='ocrx_word' id='word_1_50' title='bbox 1251 506 1336 548; x_wconf 86' lang='grc' dir='ltr'><em>τοῖς</em></span> <span class='ocrx_word' id='word_1_51' title='bbox 1366 502 1408 550; x_wconf 80' lang='grc' dir='ltr'><strong>ἐξ</strong></span> <span class='ocrx_word' id='word_1_52' title='bbox 1442 498 1615 552; x_wconf 81' lang='grc' dir='ltr'><em>αἵματος</em></span> <span class='ocrx_word' id='word_1_53' title='bbox 1642 512 1713 538; x_wconf 76' lang='grc' dir='ltr'><strong>πε·</strong></span> <span class='ocrx_word' id='word_1_54' title='bbox 1727 505 1751 544; x_wconf 84' lang='lat'><strong>5</strong></span> 
     </span>
     <span class='ocr_line' id='line_1_7' title="bbox 274 563 1714 627; baseline -0.008 -13"><span class='ocrx_word' id='word_1_55' title='bbox 274 575 480 627; x_wconf 85' lang='grc' dir='ltr'><em>νομένοις,</em></span> <span class='ocrx_word' id='word_1_56' title='bbox 512 569 646 613; x_wconf 84' lang='grc' dir='ltr'><em>κοινὸν</em></span> <span class='ocrx_word' id='word_1_57' title='bbox 673 572 720 612; x_wconf 80' lang='grc' dir='ltr'><strong>δὲ</strong></span> <span class='ocrx_word' id='word_1_58' title='bbox 747 569 820 611; x_wconf 78' lang='grc' dir='ltr'><em>καί</em></span> <span class='ocrx_word' id='word_1_59' title='bbox 846 571 976 620; x_wconf 80' lang='grc' dir='ltr'><em>ξένοις</em></span> <span class='ocrx_word' id='word_1_60' title='bbox 1005 568 1084 622; x_wconf 78' lang='grc' dir='ltr'><strong>οὐχ</strong></span> <span class='ocrx_word' id='word_1_61' title='bbox 1117 563 1253 622; x_wconf 79' lang='grc' dir='ltr'><em>ἧττον.</em></span> <span class='ocrx_word' id='word_1_62' title='bbox 1311 566 1447 619; x_wconf 78' lang='grc' dir='ltr'><em>ἱερέας</em></span> <span class='ocrx_word' id='word_1_63' title='bbox 1469 565 1515 606; x_wconf 82' lang='grc' dir='ltr'><strong>δὲ</strong></span> <span class='ocrx_word' id='word_1_64' title='bbox 1540 564 1614 605; x_wconf 85' lang='grc' dir='ltr'><strong><em>καί</em></strong></span> <span class='ocrx_word' id='word_1_65' title='bbox 1637 577 1714 616; x_wconf 89' lang='grc' dir='ltr'><strong>μο-</strong></span> 
     </span>
     <span class='ocr_line' id='line_1_8' title="bbox 168 627 1714 693; baseline -0.01 -8"><span class='ocrx_word' id='word_1_66' title='bbox 168 651 205 684; x_wconf 88' lang='lat' dir='ltr'><strong>P.</strong></span> <span class='ocrx_word' id='word_1_67' title='bbox 219 651 263 684; x_wconf 81' lang='lat'><strong>88</strong></span> <span class='ocrx_word' id='word_1_68' title='bbox 276 637 431 693; x_wconf 78' lang='grc' dir='ltr'><em>ναχούς</em></span> <span class='ocrx_word' id='word_1_69' title='bbox 463 635 744 692; x_wconf 80' lang='grc' dir='ltr'><em>διαφερόντως</em></span> <span class='ocrx_word' id='word_1_70' title='bbox 786 635 906 687; x_wconf 72' lang='grc' dir='ltr'><em>ἐτίμα</em></span> <span class='ocrx_word' id='word_1_71' title='bbox 940 633 1011 676; x_wconf 87' lang='grc' dir='ltr'>καί</span> <span class='ocrx_word' id='word_1_72' title='bbox 1038 635 1380 684; x_wconf 83' lang='grc' dir='ltr'><em>ξυνδειπνοῦντας</em></span> <span class='ocrx_word' id='word_1_73' title='bbox 1406 627 1514 684; x_wconf 81' lang='grc' dir='ltr'><em>εἶχε,</em></span> <span class='ocrx_word' id='word_1_74' title='bbox 1542 632 1615 671; x_wconf 86' lang='grc' dir='ltr'><em>καί</em></span> <span class='ocrx_word' id='word_1_75' title='bbox 1642 628 1714 669; x_wconf 74' lang='grc' dir='ltr'><strong>οὔ·</strong></span> 
     </span>
     <span class='ocr_line' id='line_1_9' title="bbox 277 693 1716 758; baseline -0.008 -12"><span class='ocrx_word' id='word_1_76' title='bbox 277 705 366 747; x_wconf 79' lang='grc' dir='ltr'><strong>δενὶ</strong></span> <span class='ocrx_word' id='word_1_77' title='bbox 393 700 490 758; x_wconf 74' lang='grc' dir='ltr'><em>ἄτερ</em></span> <span class='ocrx_word' id='word_1_78' title='bbox 521 704 718 756; x_wconf 76' lang='grc' dir='ltr'><em>μοναχῶν</em></span> <span class='ocrx_word' id='word_1_79' title='bbox 757 700 830 755; x_wconf 77' lang='grc' dir='ltr'><em>τὴν</em></span> <span class='ocrx_word' id='word_1_80' title='bbox 859 702 985 755; x_wconf 79' lang='grc' dir='ltr'><em>αὐτῆς</em></span> <span class='ocrx_word' id='word_1_81' title='bbox 1020 697 1229 753; x_wconf 81' lang='grc' dir='ltr'><em>τράπεζαν</em></span> <span class='ocrx_word' id='word_1_82' title='bbox 1257 699 1499 738; x_wconf 74' lang='grc' dir='ltr'><em>θεάσασθαι</em></span> <span class='ocrx_word' id='word_1_83' title='bbox 1529 696 1633 750; x_wconf 75' lang='grc' dir='ltr'><em>ἐνῆν.</em></span> <span class='ocrx_word' id='word_1_84' title='bbox 1690 693 1716 747; x_wconf 80' lang='grc' dir='ltr'><em>ἦ</em></span> 
     </span>
     <span class='ocr_line' id='line_1_10' title="bbox 277 762 1719 823; baseline -0.008 -11"><span class='ocrx_word' id='word_1_85' title='bbox 277 772 324 812; x_wconf 82' lang='grc' dir='ltr'><strong>δὲ</strong></span> <span class='ocrx_word' id='word_1_86' title='bbox 348 769 502 822; x_wconf 76' lang='grc' dir='ltr'><em>ἔξωθεν</em></span> <span class='ocrx_word' id='word_1_87' title='bbox 538 769 839 823; x_wconf 82' lang='grc' dir='ltr'><em>ἐπιφαινομένη</em></span> <span class='ocrx_word' id='word_1_88' title='bbox 878 769 952 808; x_wconf 81' lang='grc' dir='ltr'><em>τοῦ</em></span> <span class='ocrx_word' id='word_1_89' title='bbox 995 762 1128 820; x_wconf 76' lang='grc' dir='ltr'><em>ἤθους</em></span> <span class='ocrx_word' id='word_1_90' title='bbox 1154 762 1410 811; x_wconf 81' lang='grc' dir='ltr'><em>κατάστασις</em></span> <span class='ocrx_word' id='word_1_91' title='bbox 1436 764 1507 804; x_wconf 83' lang='grc' dir='ltr'><em>καί</em></span> <span class='ocrx_word' id='word_1_92' title='bbox 1533 762 1719 816; x_wconf 85' lang='grc' dir='ltr'><em>α’γγέλοις</em></span> 
     </span>
     <span class='ocr_line' id='line_1_11' title="bbox 278 824 1750 889; baseline -0.009 -10"><span class='ocrx_word' id='word_1_93' title='bbox 278 838 492 889; x_wconf 76' lang='grc' dir='ltr'><em>αἰδέσιμος</em></span> <span class='ocrx_word' id='word_1_94' title='bbox 522 837 594 876; x_wconf 85' lang='grc' dir='ltr'>καί</span> <span class='ocrx_word' id='word_1_95' title='bbox 622 834 761 882; x_wconf 76' lang='grc' dir='ltr'><em>αὐτοῖς</em></span> <span class='ocrx_word' id='word_1_96' title='bbox 789 834 835 874; x_wconf 83' lang='grc' dir='ltr'><strong>δὲ</strong></span> <span class='ocrx_word' id='word_1_97' title='bbox 862 838 950 881; x_wconf 83' lang='grc' dir='ltr'><em>τοῖς</em></span> <span class='ocrx_word' id='word_1_98' title='bbox 979 833 1150 884; x_wconf 86' lang='grc' dir='ltr'><em>δαίμοσι</em></span> <span class='ocrx_word' id='word_1_99' title='bbox 1180 828 1342 885; x_wconf 77' lang='grc' dir='ltr'><em>φοβεροί</em></span> <span class='ocrx_word' id='word_1_100' title='bbox 1365 861 1381 881; x_wconf 75' lang='lat'><strong>,</strong></span> <span class='ocrx_word' id='word_1_101' title='bbox 1406 827 1645 883; x_wconf 73' lang='grc' dir='ltr'><em>ἀνθρώποις</em></span> <span class='ocrx_word' id='word_1_102' title='bbox 1672 824 1750 870; x_wconf 79' lang='grc' dir='ltr'><em>δὲι</em></span> 
     </span>
     <span class='ocr_line' id='line_1_12' title="bbox 277 894 1723 958; baseline -0.006 -15"><span class='ocrx_word' id='word_1_103' title='bbox 277 902 335 958; x_wconf 72' lang='grc' dir='ltr'><strong>μὴ</strong></span> <span class='ocrx_word' id='word_1_104' title='bbox 366 901 604 956; x_wconf 80' lang='grc' dir='ltr'><em>ἐχέφροσιν,</em></span> <span class='ocrx_word' id='word_1_105' title='bbox 636 897 741 940; x_wconf 77' lang='grc' dir='ltr'><em>ἀλλὰ</em></span> <span class='ocrx_word' id='word_1_106' title='bbox 769 899 867 952; x_wconf 77' lang='grc' dir='ltr'><em>περὶ</em></span> <span class='ocrx_word' id='word_1_107' title='bbox 893 895 1045 953; x_wconf 78' lang='grc' dir='ltr'><em>ἦδονάς</em></span> <span class='ocrx_word' id='word_1_108' title='bbox 1073 898 1339 951; x_wconf 80' lang='grc' dir='ltr'><em>ἐπτοημένοις</em></span> <span class='ocrx_word' id='word_1_109' title='bbox 1374 894 1624 943; x_wconf 77' lang='grc' dir='ltr'><em>α’νύποιστος</em></span> <span class='ocrx_word' id='word_1_110' title='bbox 1651 895 1723 935; x_wconf 85' lang='grc' dir='ltr'><strong><em>καί</em></strong></span> 
     </span>
     <span class='ocr_line' id='line_1_13' title="bbox 278 958 1722 1020; baseline -0.008 -10"><span class='ocrx_word' id='word_1_111' title='bbox 278 970 323 1010; x_wconf 81' lang='grc' dir='ltr'><strong>ἐκ</strong></span> <span class='ocrx_word' id='word_1_112' title='bbox 354 966 483 1020; x_wconf 89' lang='grc' dir='ltr'><em>μόνου</em></span> <span class='ocrx_word' id='word_1_113' title='bbox 512 968 589 1008; x_wconf 82' lang='grc' dir='ltr'><em>τοῦ</em></span> <span class='ocrx_word' id='word_1_114' title='bbox 626 968 885 1019; x_wconf 77' lang='grc' dir='ltr'><em>βλέμματος,</em></span> <span class='ocrx_word' id='word_1_115' title='bbox 922 969 1006 1013; x_wconf 86' lang='grc' dir='ltr'><em>τοῖς</em></span> <span class='ocrx_word' id='word_1_116' title='bbox 1049 965 1087 1004; x_wconf 89' lang='grc' dir='ltr'><strong>δ’</strong></span> <span class='ocrx_word' id='word_1_117' title='bbox 1121 958 1177 1004; x_wconf 77' lang='grc' dir='ltr'><em>αὖ</em></span> <span class='ocrx_word' id='word_1_118' title='bbox 1198 978 1243 1017; x_wconf 87' lang='grc' dir='ltr'><strong>γε</strong></span> <span class='ocrx_word' id='word_1_119' title='bbox 1274 960 1551 1017; x_wconf 75' lang='grc' dir='ltr'><em>σωφροσύνης</em></span> <span class='ocrx_word' id='word_1_120' title='bbox 1579 962 1722 1012; x_wconf 79' lang='grc' dir='ltr'><em>ἐπιμε·</em></span> 
     </span>
     <span class='ocr_line' id='line_1_14' title="bbox 280 1026 1724 1086; baseline -0.006 -11"><span class='ocrx_word' id='word_1_121' title='bbox 280 1035 497 1086; x_wconf 85' lang='grc' dir='ltr'><em>λουμένοις</em></span> <span class='ocrx_word' id='word_1_122' title='bbox 523 1031 651 1086; x_wconf 83' lang='grc' dir='ltr'><em>ἱλαροί</em></span> <span class='ocrx_word' id='word_1_123' title='bbox 668 1047 709 1073; x_wconf 85' lang='grc' dir='ltr'><em>τε</em></span> <span class='ocrx_word' id='word_1_124' title='bbox 737 1032 809 1072; x_wconf 86' lang='grc' dir='ltr'><em>καί</em></span> <span class='ocrx_word' id='word_1_125' title='bbox 832 1028 1055 1086; x_wconf 84' lang='grc' dir='ltr'><em>προσηνής.</em></span> <span class='ocrx_word' id='word_1_126' title='bbox 1096 1031 1230 1083; x_wconf 81' lang='grc' dir='ltr'><em>μέτρα</em></span> <span class='ocrx_word' id='word_1_127' title='bbox 1257 1026 1336 1083; x_wconf 78' lang='grc' dir='ltr'><em>γὰρ</em></span> <span class='ocrx_word' id='word_1_128' title='bbox 1371 1027 1474 1081; x_wconf 82' lang='grc' dir='ltr'><em>ἔγνω</em></span> <span class='ocrx_word' id='word_1_129' title='bbox 1501 1028 1724 1084; x_wconf 77' lang='grc' dir='ltr'><em>κατηφείας</em></span> 
     </span>
     <span class='ocr_line' id='line_1_15' title="bbox 282 1091 1724 1153; baseline -0.008 -12"><span class='ocrx_word' id='word_1_130' title='bbox 282 1102 356 1141; x_wconf 80' lang='grc' dir='ltr'>καί</span> <span class='ocrx_word' id='word_1_131' title='bbox 385 1098 646 1153; x_wconf 86' lang='grc' dir='ltr'><em>σεμνότητος,</em></span> <span class='ocrx_word' id='word_1_132' title='bbox 677 1095 733 1147; x_wconf 78' lang='grc' dir='ltr'><em>ὦς</em></span> <span class='ocrx_word' id='word_1_133' title='bbox 760 1095 866 1151; x_wconf 82' lang='grc' dir='ltr'><em>μήτε</em></span> <span class='ocrx_word' id='word_1_134' title='bbox 899 1096 942 1138; x_wconf 85' lang='grc' dir='ltr'><em>τὸ</em></span> <span class='ocrx_word' id='word_1_135' title='bbox 971 1096 1154 1151; x_wconf 81' lang='grc' dir='ltr'><em>κατηφὲς</em></span> <span class='ocrx_word' id='word_1_136' title='bbox 1177 1091 1323 1148; x_wconf 70' lang='grc' dir='ltr'><em>ἄγριόν</em></span> <span class='ocrx_word' id='word_1_137' title='bbox 1350 1110 1435 1143; x_wconf 89' lang='grc' dir='ltr'><em>πως</em></span> <span class='ocrx_word' id='word_1_138' title='bbox 1463 1092 1535 1134; x_wconf 81' lang='grc' dir='ltr'>καί</span> <span class='ocrx_word' id='word_1_139' title='bbox 1563 1094 1724 1148; x_wconf 79' lang='grc' dir='ltr'><em>θηριῶ.</em></span> 
     </span>
     <span class='ocr_line' id='line_1_16' title="bbox 285 1156 1754 1218; baseline -0.006 -12"><span class='ocrx_word' id='word_1_140' title='bbox 285 1168 353 1214; x_wconf 86' lang='grc' dir='ltr'><em>δες</em></span> <span class='ocrx_word' id='word_1_141' title='bbox 383 1167 538 1217; x_wconf 81' lang='grc' dir='ltr'><em>δοκεῖν,</em></span> <span class='ocrx_word' id='word_1_142' title='bbox 568 1164 672 1218; x_wconf 80' lang='grc' dir='ltr'><em>μήτε</em></span> <span class='ocrx_word' id='word_1_143' title='bbox 701 1164 746 1205; x_wconf 81' lang='grc' dir='ltr'><em>τὸ</em></span> <span class='ocrx_word' id='word_1_144' title='bbox 775 1162 939 1204; x_wconf 77' lang='grc' dir='ltr'><em>ἁπαλὸν</em></span> <span class='ocrx_word' id='word_1_145' title='bbox 968 1162 1278 1215; x_wconf 81' lang='grc' dir='ltr'><em>κεχαλασμένον</em></span> <span class='ocrx_word' id='word_1_146' title='bbox 1304 1175 1347 1202; x_wconf 81' lang='grc' dir='ltr'><em>τε</em></span> <span class='ocrx_word' id='word_1_147' title='bbox 1375 1160 1447 1201; x_wconf 81' lang='grc' dir='ltr'>καί</span> <span class='ocrx_word' id='word_1_148' title='bbox 1473 1156 1754 1210; x_wconf 80' lang='grc' dir='ltr'><em>οἷκὸλαστον,ι</em></span> 
     </span>
     <span class='ocr_line' id='line_1_17' title="bbox 249 1225 1727 1286; baseline -0.004 -16"><span class='ocrx_word' id='word_1_149' title='bbox 249 1231 359 1274; x_wconf 85' lang='grc' dir='ltr'><strong>Βκαί</strong></span> <span class='ocrx_word' id='word_1_150' title='bbox 384 1228 496 1286; x_wconf 77' lang='grc' dir='ltr'><em>ὅρον,</em></span> <span class='ocrx_word' id='word_1_151' title='bbox 527 1227 657 1284; x_wconf 84' lang='grc' dir='ltr'><em>οἶμαι,</em></span> <span class='ocrx_word' id='word_1_152' title='bbox 687 1231 800 1271; x_wconf 79' lang='grc' dir='ltr'><em>τοῦτ’</em></span> <span class='ocrx_word' id='word_1_153' title='bbox 831 1225 939 1270; x_wconf 82' lang='grc' dir='ltr'><em>εἶναι</em></span> <span class='ocrx_word' id='word_1_154' title='bbox 968 1228 1259 1281; x_wconf 85' lang='grc' dir='ltr'><em>κοσμιότητος,</em></span> <span class='ocrx_word' id='word_1_155' title='bbox 1288 1227 1511 1281; x_wconf 75' lang='grc' dir='ltr'><em>κραθέντος</em></span> <span class='ocrx_word' id='word_1_156' title='bbox 1551 1227 1624 1266; x_wconf 80' lang='grc' dir='ltr'><em>τοῦ</em></span> <span class='ocrx_word' id='word_1_157' title='bbox 1656 1241 1727 1279; x_wconf 81' lang='grc' dir='ltr'><em>φι-</em></span> 
     </span>
     <span class='ocr_line' id='line_1_18' title="bbox 284 1285 1728 1354; baseline -0.008 -14"><span class='ocrx_word' id='word_1_158' title='bbox 284 1298 539 1353; x_wconf 73' lang='grc' dir='ltr'><em>λανθρώπου</em></span> <span class='ocrx_word' id='word_1_159' title='bbox 584 1298 642 1354; x_wconf 73' lang='grc' dir='ltr'><em>τῷ</em></span> <span class='ocrx_word' id='word_1_160' title='bbox 677 1298 749 1350; x_wconf 77' lang='grc' dir='ltr'><strong>τῆς</strong></span> <span class='ocrx_word' id='word_1_161' title='bbox 787 1297 930 1349; x_wconf 80' lang='grc' dir='ltr'><em>ψυχῆς</em></span> <span class='ocrx_word' id='word_1_162' title='bbox 971 1291 1243 1347; x_wconf 71' lang='grc' dir='ltr'><em>ἀναστήματι.</em></span> <span class='ocrx_word' id='word_1_163' title='bbox 1306 1291 1349 1334; x_wconf 80' lang='grc' dir='ltr'><em>τό</em></span> <span class='ocrx_word' id='word_1_164' title='bbox 1399 1292 1444 1333; x_wconf 84' lang='grc' dir='ltr'><strong>δὲ</strong></span> <span class='ocrx_word' id='word_1_165' title='bbox 1483 1285 1587 1345; x_wconf 71' lang='grc' dir='ltr'><em>ἦθος</em></span> <span class='ocrx_word' id='word_1_166' title='bbox 1621 1289 1728 1345; x_wconf 76' lang='grc' dir='ltr'><em>αὐτῇ</em></span> 
     </span>
     <span class='ocr_line' id='line_1_19' title="bbox 285 1351 1729 1418; baseline -0.007 -13"><span class='ocrx_word' id='word_1_167' title='bbox 285 1360 601 1418; x_wconf 71' lang='grc' dir='ltr'><em>ὑποκαθήμενον</em></span> <span class='ocrx_word' id='word_1_168' title='bbox 643 1360 747 1415; x_wconf 84' lang='grc' dir='ltr'><em>πρὸς</em></span> <span class='ocrx_word' id='word_1_169' title='bbox 789 1357 1066 1414; x_wconf 74' lang='grc' dir='ltr'><em>ἐνθυμήσεις,</em></span> <span class='ocrx_word' id='word_1_170' title='bbox 1102 1359 1172 1400; x_wconf 71' lang='grc' dir='ltr'><strong>ἀεὶ</strong></span> <span class='ocrx_word' id='word_1_171' title='bbox 1199 1357 1439 1412; x_wconf 84' lang='grc' dir='ltr'><em>καινοτέρας</em></span> <span class='ocrx_word' id='word_1_172' title='bbox 1462 1351 1729 1410; x_wconf 77' lang='grc' dir='ltr'><em>α’νελιττούσῃ</em></span> 
     </span>
     <span class='ocr_line' id='line_1_20' title="bbox 288 1419 1732 1484; baseline -0.008 -12"><span class='ocrx_word' id='word_1_173' title='bbox 288 1429 364 1479; x_wconf 79' lang='grc' dir='ltr'><em>τοὶς</em></span> <span class='ocrx_word' id='word_1_174' title='bbox 386 1430 556 1484; x_wconf 82' lang='grc' dir='ltr'><em>γνώμας</em></span> <span class='ocrx_word' id='word_1_175' title='bbox 573 1462 584 1480; x_wconf 87' lang='grc'><em>,</em></span> <span class='ocrx_word' id='word_1_176' title='bbox 625 1430 675 1469; x_wconf 81' lang='grc' dir='ltr'><strong>ου’</strong></span> <span class='ocrx_word' id='word_1_177' title='bbox 706 1424 944 1483; x_wconf 73' lang='grc' dir='ltr'><em>φθαρτικὰς</em></span> <span class='ocrx_word' id='word_1_178' title='bbox 981 1428 1055 1466; x_wconf 86' lang='grc' dir='ltr'><em>τοῦ</em></span> <span class='ocrx_word' id='word_1_179' title='bbox 1082 1426 1249 1478; x_wconf 76' lang='grc' dir='ltr'><em>κοινοῦ,</em></span> <span class='ocrx_word' id='word_1_180' title='bbox 1291 1419 1348 1472; x_wconf 71' lang='grc' dir='ltr'><em>ὥς</em></span> <span class='ocrx_word' id='word_1_181' title='bbox 1371 1438 1477 1472; x_wconf 82' lang='grc' dir='ltr'><em>τινες</em></span> <span class='ocrx_word' id='word_1_182' title='bbox 1505 1419 1732 1462; x_wconf 48' lang='lat' dir='ltr'><strong>&amp;stov-⁹6-</strong></span> 
     </span>
     <span class='ocr_line' id='line_1_21' title="bbox 291 1485 1753 1551; baseline -0.009 -14"><span class='ocrx_word' id='word_1_183' title='bbox 291 1497 442 1551; x_wconf 87' lang='grc' dir='ltr'><em>ρυζον,</em></span> <span class='ocrx_word' id='word_1_184' title='bbox 485 1492 592 1536; x_wconf 75' lang='grc' dir='ltr'><em>ἄλλά</em></span> <span class='ocrx_word' id='word_1_185' title='bbox 636 1491 864 1544; x_wconf 81' lang='grc' dir='ltr'><em>σωστικοίς,</em></span> <span class='ocrx_word' id='word_1_186' title='bbox 908 1492 979 1532; x_wconf 84' lang='grc' dir='ltr'>καί</span> <span class='ocrx_word' id='word_1_187' title='bbox 1007 1493 1286 1546; x_wconf 80' lang='grc' dir='ltr'><em>διεφθορυῖαν</em></span> <span class='ocrx_word' id='word_1_188' title='bbox 1312 1485 1392 1543; x_wconf 74' lang='grc' dir='ltr'><strong>ἤδη</strong></span> <span class='ocrx_word' id='word_1_189' title='bbox 1418 1486 1490 1541; x_wconf 75' lang='grc' dir='ltr'><em>τὴν</em></span> <span class='ocrx_word' id='word_1_190' title='bbox 1516 1486 1753 1540; x_wconf 76' lang='grc' dir='ltr'><em>βασιλειάντ</em></span> 
     </span>
     <span class='ocr_line' id='line_1_22' title="bbox 292 1551 1733 1615; baseline -0.009 -12"><span class='ocrx_word' id='word_1_191' title='bbox 292 1563 353 1611; x_wconf 83' lang='grc' dir='ltr'><em>εἷς</em></span> <span class='ocrx_word' id='word_1_192' title='bbox 381 1558 627 1615; x_wconf 73' lang='grc' dir='ltr'><em>ὁλοκληρίαν</em></span> <span class='ocrx_word' id='word_1_193' title='bbox 656 1557 968 1611; x_wconf 79' lang='grc' dir='ltr'><em>ἑπαναγούσας,</em></span> <span class='ocrx_word' id='word_1_194' title='bbox 1005 1553 1058 1598; x_wconf 76' lang='grc' dir='ltr'><em>τά</em></span> <span class='ocrx_word' id='word_1_195' title='bbox 1089 1571 1132 1597; x_wconf 87' lang='grc' dir='ltr'><em>τε</em></span> <span class='ocrx_word' id='word_1_196' title='bbox 1173 1557 1251 1596; x_wconf 80' lang='grc' dir='ltr'><em>τοῦ</em></span> <span class='ocrx_word' id='word_1_197' title='bbox 1278 1555 1415 1596; x_wconf 78' lang='grc' dir='ltr'><em>κοινοῦ</em></span> <span class='ocrx_word' id='word_1_198' title='bbox 1442 1554 1502 1602; x_wconf 85' lang='grc' dir='ltr'><em>εἰς</em></span> <span class='ocrx_word' id='word_1_199' title='bbox 1529 1551 1575 1594; x_wconf 83' lang='grc' dir='ltr'><em>τὸ</em></span> <span class='ocrx_word' id='word_1_200' title='bbox 1602 1552 1733 1606; x_wconf 85' lang='grc' dir='ltr'><em>μηδὲν</em></span> 
     </span>
     <span class='ocr_line' id='line_1_23' title="bbox 294 1619 1734 1683; baseline -0.008 -14"><span class='ocrx_word' id='word_1_201' title='bbox 294 1625 527 1683; x_wconf 80' lang='grc' dir='ltr'><em>ἐληλακότα</em></span> <span class='ocrx_word' id='word_1_202' title='bbox 557 1622 902 1679; x_wconf 76' lang='grc' dir='ltr'><em>ἑπανορθούσας,</em></span> <span class='ocrx_word' id='word_1_203' title='bbox 931 1623 988 1671; x_wconf 77' lang='grc' dir='ltr'><em>ὠς</em></span> <span class='ocrx_word' id='word_1_204' title='bbox 1021 1619 1211 1675; x_wconf 83' lang='grc' dir='ltr'><em>δυ’ναμις.</em></span> <span class='ocrx_word' id='word_1_205' title='bbox 1270 1620 1379 1676; x_wconf 80' lang='grc' dir='ltr'><em>πλὴν</em></span> <span class='ocrx_word' id='word_1_206' title='bbox 1407 1620 1447 1661; x_wconf 82' lang='grc' dir='ltr'><strong>εἰ</strong></span> <span class='ocrx_word' id='word_1_207' title='bbox 1473 1620 1546 1660; x_wconf 81' lang='grc' dir='ltr'>καί</span> <span class='ocrx_word' id='word_1_208' title='bbox 1573 1620 1626 1675; x_wconf 82' lang='grc' dir='ltr'><em>τῇ</em></span> <span class='ocrx_word' id='word_1_209' title='bbox 1652 1620 1734 1658; x_wconf 78' lang='grc' dir='ltr'><em>τῶν</em></span> 
     </span>
    </p>
   </div>
   <div class='ocr_carea' id='block_1_3' title="bbox 394 1739 1733 1841">
    <p class='ocr_par' dir='ltr' id='par_1_3' title="bbox 394 1739 1733 1841">
     <span class='ocr_line' id='line_1_24' title="bbox 394 1739 1733 1796; baseline -0.007 -14"><span class='ocrx_word' id='word_1_210' title='bbox 394 1761 422 1782; x_wconf 83' lang='grc' dir='ltr'><em>ι.</em></span> <span class='ocrx_word' id='word_1_211' title='bbox 447 1745 531 1796; x_wconf 75' lang='grc' dir='ltr'><em>ἱεροὶ</em></span> <span class='ocrx_word' id='word_1_212' title='bbox 559 1747 674 1788; x_wconf 79' lang='grc' dir='ltr'><em>ὅντως</em></span> <span class='ocrx_word' id='word_1_213' title='bbox 700 1748 742 1781; x_wconf 90' lang='lat' dir='ltr'><strong>G.</strong></span> <span class='ocrx_word' id='word_1_214' title='bbox 880 1759 909 1792; x_wconf 87' lang='lat'><strong>7.</strong></span> <span class='ocrx_word' id='word_1_215' title='bbox 935 1745 1248 1784; x_wconf 84' lang='grc' dir='ltr'><em>συνδειπνοῦντας</em></span> <span class='ocrx_word' id='word_1_216' title='bbox 1270 1744 1308 1778; x_wconf 92' lang='lat' dir='ltr'><strong>C.</strong></span> <span class='ocrx_word' id='word_1_217' title='bbox 1441 1753 1488 1775; x_wconf 77' lang='lat'><strong>12.</strong></span> <span class='ocrx_word' id='word_1_218' title='bbox 1514 1741 1579 1777; x_wconf 80' lang='grc' dir='ltr'><em>τοῦ</em></span> <span class='ocrx_word' id='word_1_219' title='bbox 1604 1753 1672 1774; x_wconf 89' lang='lat' dir='ltr'><strong>om.</strong></span> <span class='ocrx_word' id='word_1_220' title='bbox 1691 1739 1733 1773; x_wconf 89' lang='lat' dir='ltr'><strong>G.</strong></span> 
     </span>
     <span class='ocr_line' id='line_1_25' title="bbox 396 1789 1675 1841; baseline -0.008 -11"><span class='ocrx_word' id='word_1_221' title='bbox 396 1798 447 1830; x_wconf 82' lang='lat'><strong>15.</strong></span> <span class='ocrx_word' id='word_1_222' title='bbox 470 1808 508 1831; x_wconf 85' lang='grc' dir='ltr'><em>τε</em></span> <span class='ocrx_word' id='word_1_223' title='bbox 533 1808 600 1830; x_wconf 89' lang='lat' dir='ltr'><strong>om.</strong></span> <span class='ocrx_word' id='word_1_224' title='bbox 627 1796 668 1828; x_wconf 89' lang='lat' dir='ltr'><strong>G.</strong></span> <span class='ocrx_word' id='word_1_225' title='bbox 769 1796 819 1829; x_wconf 82' lang='lat'><strong>18.</strong></span> <span class='ocrx_word' id='word_1_226' title='bbox 843 1793 1135 1841; x_wconf 74' lang='grc' dir='ltr'><em>προκαθήμενον</em></span> <span class='ocrx_word' id='word_1_227' title='bbox 1160 1792 1202 1825; x_wconf 87' lang='lat' dir='ltr'><strong>G.</strong></span> <span class='ocrx_word' id='word_1_228' title='bbox 1319 1801 1374 1823; x_wconf 63' lang='grc' dir='ltr'><em>αι.</em></span> <span class='ocrx_word' id='word_1_229' title='bbox 1398 1791 1434 1829; x_wconf 73' lang='grc' dir='ltr'><em>ἐς</em></span> <span class='ocrx_word' id='word_1_230' title='bbox 1460 1790 1506 1831; x_wconf 88' lang='lat' dir='ltr'><strong>P,</strong></span> <span class='ocrx_word' id='word_1_231' title='bbox 1533 1791 1583 1828; x_wconf 83' lang='grc' dir='ltr'><strong>εἰς</strong></span> <span class='ocrx_word' id='word_1_232' title='bbox 1603 1789 1675 1822; x_wconf 80' lang='lat' dir='ltr'><strong>GA.</strong></span> 
     </span>
    </p>
   </div>
   <div class='ocr_carea' id='block_1_4' title="bbox 298 1902 1748 2751">
    <p class='ocr_par' dir='ltr' id='par_1_4' title="bbox 298 1902 1748 2751">
     <span class='ocr_line' id='line_1_26' title="bbox 299 1902 1735 1951; baseline -0.006 -8"><span class='ocrx_word' id='word_1_233' title='bbox 299 1909 551 1944; x_wconf 84' lang='lat' dir='ltr'><strong>monasterium</strong></span> <span class='ocrx_word' id='word_1_234' title='bbox 575 1909 766 1942; x_wconf 87' lang='lat' dir='ltr'><strong>videretur.</strong></span> <span class='ocrx_word' id='word_1_235' title='bbox 803 1908 886 1941; x_wconf 86' lang='lat' dir='ltr'><strong>talis</strong></span> <span class='ocrx_word' id='word_1_236' title='bbox 907 1913 982 1940; x_wconf 86' lang='lat' dir='ltr'><strong>erat</strong></span> <span class='ocrx_word' id='word_1_237' title='bbox 1000 1908 1138 1951; x_wconf 81' lang='lat' dir='ltr'><strong>egregia</strong></span> <span class='ocrx_word' id='word_1_238' title='bbox 1163 1911 1199 1949; x_wconf 81' lang='lat' dir='ltr'><strong>et</strong></span> <span class='ocrx_word' id='word_1_239' title='bbox 1223 1915 1344 1938; x_wconf 83' lang='lat' dir='ltr'><strong>revera</strong></span> <span class='ocrx_word' id='word_1_240' title='bbox 1369 1908 1487 1937; x_wconf 81' lang='lat' dir='ltr'><strong>sancta</strong></span> <span class='ocrx_word' id='word_1_241' title='bbox 1503 1903 1564 1935; x_wconf 83' lang='lat' dir='ltr'><strong>ina</strong></span> <span class='ocrx_word' id='word_1_242' title='bbox 1592 1902 1735 1935; x_wconf 78' lang='lat' dir='ltr'><strong>femina.</strong></span> 
     </span>
     <span class='ocr_line' id='line_1_27' title="bbox 298 1950 1738 2002; baseline -0.006 -12"><span class='ocrx_word' id='word_1_243' title='bbox 298 1957 535 2002; x_wconf 78' lang='lat' dir='ltr'><strong>temperantia</strong></span> <span class='ocrx_word' id='word_1_244' title='bbox 553 1957 646 1989; x_wconf 89' lang='lat' dir='ltr'><strong>enim</strong></span> <span class='ocrx_word' id='word_1_245' title='bbox 665 1962 804 1989; x_wconf 79' lang='lat' dir='ltr'><strong>tantum</strong></span> <span class='ocrx_word' id='word_1_246' title='bbox 820 1954 1011 2000; x_wconf 84' lang='lat' dir='ltr'><strong>superabat</strong></span> <span class='ocrx_word' id='word_1_247' title='bbox 1030 1955 1136 1987; x_wconf 86' lang='lat' dir='ltr'><strong>etiam</strong></span> <span class='ocrx_word' id='word_1_248' title='bbox 1152 1952 1446 1986; x_wconf 78' lang='lat' dir='ltr'><strong>celebratissimas</strong></span> <span class='ocrx_word' id='word_1_249' title='bbox 1461 1950 1546 1983; x_wconf 87' lang='lat' dir='ltr'><strong>olim</strong></span> <span class='ocrx_word' id='word_1_250' title='bbox 1558 1950 1738 1990; x_wconf 74' lang='lat' dir='ltr'><strong>mulieres,</strong></span> 
     </span>
     <span class='ocr_line' id='line_1_28' title="bbox 299 1995 1738 2049; baseline -0.006 -12"><span class='ocrx_word' id='word_1_251' title='bbox 299 2015 392 2049; x_wconf 83' lang='lat' dir='ltr'><strong>quae</strong></span> <span class='ocrx_word' id='word_1_252' title='bbox 414 2004 452 2036; x_wconf 92' lang='lat' dir='ltr'><strong>in</strong></span> <span class='ocrx_word' id='word_1_253' title='bbox 479 2004 636 2036; x_wconf 87' lang='lat' dir='ltr'><strong>omnium</strong></span> <span class='ocrx_word' id='word_1_254' title='bbox 649 2014 710 2036; x_wconf 91' lang='lat' dir='ltr'><strong>ore</strong></span> <span class='ocrx_word' id='word_1_255' title='bbox 729 2008 923 2041; x_wconf 78' lang='lat' dir='ltr'><strong>versantur,</strong></span> <span class='ocrx_word' id='word_1_256' title='bbox 948 2006 1119 2046; x_wconf 86' lang='lat' dir='ltr'><strong>quantum</strong></span> <span class='ocrx_word' id='word_1_257' title='bbox 1141 2000 1263 2033; x_wconf 85' lang='lat' dir='ltr'><strong>stellas</strong></span> <span class='ocrx_word' id='word_1_258' title='bbox 1284 1999 1348 2031; x_wconf 81' lang='lat' dir='ltr'><strong>sol.</strong></span> <span class='ocrx_word' id='word_1_259' title='bbox 1374 2000 1444 2030; x_wconf 88' lang='lat' dir='ltr'><strong>iam</strong></span> <span class='ocrx_word' id='word_1_260' title='bbox 1459 1995 1738 2030; x_wconf 86' lang='lat' dir='ltr'><strong>misericordiam</strong></span> 
     </span>
     <span class='ocr_line' id='line_1_29' title="bbox 300 2043 1740 2095; baseline -0.004 -12"><span class='ocrx_word' id='word_1_261' title='bbox 300 2051 377 2084; x_wconf 86' lang='lat' dir='ltr'><strong>eius</strong></span> <span class='ocrx_word' id='word_1_262' title='bbox 402 2051 439 2083; x_wconf 92' lang='lat' dir='ltr'><strong>in</strong></span> <span class='ocrx_word' id='word_1_263' title='bbox 455 2061 632 2095; x_wconf 79' lang='lat' dir='ltr'><strong>pauperes</strong></span> <span class='ocrx_word' id='word_1_264' title='bbox 659 2061 699 2083; x_wconf 85' lang='lat' dir='ltr'><strong>ac</strong></span> <span class='ocrx_word' id='word_1_265' title='bbox 723 2049 909 2082; x_wconf 84' lang='lat' dir='ltr'><strong>liberalem</strong></span> <span class='ocrx_word' id='word_1_266' title='bbox 929 2049 966 2082; x_wconf 88' lang='lat' dir='ltr'><strong>in</strong></span> <span class='ocrx_word' id='word_1_267' title='bbox 992 2053 1136 2092; x_wconf 83' lang='lat' dir='ltr'><strong>egentes</strong></span> <span class='ocrx_word' id='word_1_268' title='bbox 1155 2057 1295 2079; x_wconf 87' lang='lat' dir='ltr'><strong>manum</strong></span> <span class='ocrx_word' id='word_1_269' title='bbox 1315 2045 1394 2090; x_wconf 88' lang='lat' dir='ltr'><strong>quis</strong></span> <span class='ocrx_word' id='word_1_270' title='bbox 1408 2043 1525 2077; x_wconf 80' lang='lat' dir='ltr'><strong>verbis</strong></span> <span class='ocrx_word' id='word_1_271' title='bbox 1542 2044 1740 2088; x_wconf 82' lang='lat' dir='ltr'><strong>exprimere</strong></span> 
     </span>
     <span class='ocr_line' id='line_1_30' title="bbox 300 2091 1739 2144; baseline -0.006 -13"><span class='ocrx_word' id='word_1_272' title='bbox 300 2097 436 2144; x_wconf 82' lang='lat' dir='ltr'><strong>queat?</strong></span> <span class='ocrx_word' id='word_1_273' title='bbox 459 2109 644 2130; x_wconf 86' lang='lat' dir='ltr'><strong>commune</strong></span> <span class='ocrx_word' id='word_1_274' title='bbox 669 2103 745 2130; x_wconf 82' lang='lat' dir='ltr'><strong>erat</strong></span> <span class='ocrx_word' id='word_1_275' title='bbox 770 2097 846 2129; x_wconf 81' lang='lat' dir='ltr'><strong>eius</strong></span> <span class='ocrx_word' id='word_1_276' title='bbox 874 2095 999 2129; x_wconf 85' lang='lat' dir='ltr'><strong>domus</strong></span> <span class='ocrx_word' id='word_1_277' title='bbox 1019 2094 1256 2127; x_wconf 89' lang='lat' dir='ltr'><strong>deversorium</strong></span> <span class='ocrx_word' id='word_1_278' title='bbox 1281 2091 1565 2135; x_wconf 83' lang='lat' dir='ltr'><strong>consanguineis,</strong></span> <span class='ocrx_word' id='word_1_279' title='bbox 1592 2091 1654 2135; x_wconf 90' lang='lat' dir='ltr'><strong>qui</strong></span> <span class='ocrx_word' id='word_1_280' title='bbox 1682 2091 1739 2123; x_wconf 88' lang='lat' dir='ltr'><strong>in-</strong></span> 
     </span>
     <span class='ocr_line' id='line_1_31' title="bbox 298 2136 1740 2190; baseline -0.004 -13"><span class='ocrx_word' id='word_1_281' title='bbox 298 2145 385 2190; x_wconf 81' lang='lat' dir='ltr'><strong>opia</strong></span> <span class='ocrx_word' id='word_1_282' title='bbox 411 2143 641 2186; x_wconf 78' lang='lat' dir='ltr'><strong>laborabant3</strong></span> <span class='ocrx_word' id='word_1_283' title='bbox 664 2155 730 2176; x_wconf 89' lang='lat' dir='ltr'><strong>nee</strong></span> <span class='ocrx_word' id='word_1_284' title='bbox 752 2145 868 2176; x_wconf 88' lang='lat' dir='ltr'><strong>minus</strong></span> <span class='ocrx_word' id='word_1_285' title='bbox 892 2142 1016 2176; x_wconf 84' lang='lat' dir='ltr'><strong>eadem</strong></span> <span class='ocrx_word' id='word_1_286' title='bbox 1038 2141 1166 2174; x_wconf 80' lang='lat' dir='ltr'><strong>alienis</strong></span> <span class='ocrx_word' id='word_1_287' title='bbox 1189 2150 1332 2184; x_wconf 87' lang='lat' dir='ltr'><strong>quoque</strong></span> <span class='ocrx_word' id='word_1_288' title='bbox 1357 2137 1512 2183; x_wconf 79' lang='lat' dir='ltr'><strong>patebat.</strong></span> <span class='ocrx_word' id='word_1_289' title='bbox 1537 2136 1740 2171; x_wconf 71' lang='lat' dir='ltr'><strong>sacerdotes</strong></span> 
     </span>
     <span class='ocr_line' id='line_1_32' title="bbox 302 2183 1741 2235; baseline -0.006 -11"><span class='ocrx_word' id='word_1_290' title='bbox 302 2197 420 2224; x_wconf 85' lang='lat' dir='ltr'><strong>autem</strong></span> <span class='ocrx_word' id='word_1_291' title='bbox 438 2196 484 2224; x_wconf 69' lang='lat' dir='ltr'><strong>&#39;et</strong></span> <span class='ocrx_word' id='word_1_292' title='bbox 507 2190 698 2224; x_wconf 85' lang='lat' dir='ltr'><strong>monachos</strong></span> <span class='ocrx_word' id='word_1_293' title='bbox 722 2191 914 2235; x_wconf 76' lang='lat' dir='ltr'><strong>praecipuo</strong></span> <span class='ocrx_word' id='word_1_294' title='bbox 939 2188 1081 2222; x_wconf 80' lang='lat' dir='ltr'><strong>colebat</strong></span> <span class='ocrx_word' id='word_1_295' title='bbox 1118 2187 1252 2220; x_wconf 87' lang='lat' dir='ltr'><strong>honore</strong></span> <span class='ocrx_word' id='word_1_296' title='bbox 1279 2191 1315 2219; x_wconf 85' lang='lat' dir='ltr'><strong>et</strong></span> <span class='ocrx_word' id='word_1_297' title='bbox 1339 2185 1384 2218; x_wconf 84' lang='lat' dir='ltr'><strong>ad</strong></span> <span class='ocrx_word' id='word_1_298' title='bbox 1408 2195 1567 2218; x_wconf 80' lang='lat' dir='ltr'><strong>mensam</strong></span> <span class='ocrx_word' id='word_1_299' title='bbox 1589 2183 1741 2217; x_wconf 85' lang='lat' dir='ltr'><strong>adhibe-</strong></span> 
     </span>
     <span class='ocr_line' id='line_1_33' title="bbox 302 2231 1743 2282; baseline -0.006 -11"><span class='ocrx_word' id='word_1_300' title='bbox 302 2238 385 2279; x_wconf 84' lang='lat' dir='ltr'><strong>bat,</strong></span> <span class='ocrx_word' id='word_1_301' title='bbox 410 2249 478 2270; x_wconf 88' lang='lat' dir='ltr'><strong>nec</strong></span> <span class='ocrx_word' id='word_1_302' title='bbox 501 2240 690 2282; x_wconf 84' lang='lat' dir='ltr'><strong>quisquam</strong></span> <span class='ocrx_word' id='word_1_303' title='bbox 716 2238 821 2269; x_wconf 80' lang='lat' dir='ltr'><strong>facile</strong></span> <span class='ocrx_word' id='word_1_304' title='bbox 849 2238 924 2269; x_wconf 86' lang='lat' dir='ltr'><strong>sine</strong></span> <span class='ocrx_word' id='word_1_305' title='bbox 950 2234 1131 2268; x_wconf 85' lang='lat' dir='ltr'><strong>monachis</strong></span> <span class='ocrx_word' id='word_1_306' title='bbox 1151 2232 1416 2266; x_wconf 82' lang='lat' dir='ltr'><strong>accumbentem</strong></span> <span class='ocrx_word' id='word_1_307' title='bbox 1443 2243 1520 2264; x_wconf 86' lang='lat' dir='ltr'><strong>eam</strong></span> <span class='ocrx_word' id='word_1_308' title='bbox 1544 2231 1743 2276; x_wconf 49' lang='lat' dir='ltr'><strong>conspexi&amp;</strong></span> 
     </span>
     <span class='ocr_line' id='line_1_34' title="bbox 306 2275 1748 2330; baseline -0.005 -13"><span class='ocrx_word' id='word_1_309' title='bbox 306 2295 400 2330; x_wconf 85' lang='lat' dir='ltr'><strong>quae</strong></span> <span class='ocrx_word' id='word_1_310' title='bbox 427 2284 644 2317; x_wconf 79' lang='lat' dir='ltr'><strong>extrinsecus</strong></span> <span class='ocrx_word' id='word_1_311' title='bbox 671 2283 866 2328; x_wconf 83' lang='lat' dir='ltr'><strong>apparebat</strong></span> <span class='ocrx_word' id='word_1_312' title='bbox 898 2283 1032 2326; x_wconf 80' lang='lat' dir='ltr'><strong>ingenii</strong></span> <span class='ocrx_word' id='word_1_313' title='bbox 1057 2282 1132 2314; x_wconf 86' lang='lat' dir='ltr'><strong>eius</strong></span> <span class='ocrx_word' id='word_1_314' title='bbox 1152 2281 1310 2325; x_wconf 86' lang='lat' dir='ltr'><strong>species,</strong></span> <span class='ocrx_word' id='word_1_315' title='bbox 1336 2285 1373 2312; x_wconf 87' lang='lat' dir='ltr'><strong>et</strong></span> <span class='ocrx_word' id='word_1_316' title='bbox 1394 2278 1531 2323; x_wconf 80' lang='lat' dir='ltr'><strong>angelis</strong></span> <span class='ocrx_word' id='word_1_317' title='bbox 1553 2275 1748 2312; x_wconf 66' lang='lat' dir='ltr'><strong>venerabi-‘</strong></span> 
     </span>
     <span class='ocr_line' id='line_1_35' title="bbox 306 2324 1744 2376; baseline -0.005 -12"><span class='ocrx_word' id='word_1_318' title='bbox 306 2332 351 2365; x_wconf 89' lang='lat' dir='ltr'><strong>lis</strong></span> <span class='ocrx_word' id='word_1_319' title='bbox 379 2336 416 2364; x_wconf 87' lang='lat' dir='ltr'><strong>et</strong></span> <span class='ocrx_word' id='word_1_320' title='bbox 440 2331 526 2376; x_wconf 87' lang='lat' dir='ltr'><strong>ipsis</strong></span> <span class='ocrx_word' id='word_1_321' title='bbox 551 2331 785 2363; x_wconf 84' lang='lat' dir='ltr'><strong>daemonibus</strong></span> <span class='ocrx_word' id='word_1_322' title='bbox 810 2329 980 2363; x_wconf 87' lang='lat' dir='ltr'><strong>terribilis</strong></span> <span class='ocrx_word' id='word_1_323' title='bbox 1005 2333 1090 2367; x_wconf 87' lang='lat' dir='ltr'><strong>erat,</strong></span> <span class='ocrx_word' id='word_1_324' title='bbox 1115 2326 1319 2360; x_wconf 84' lang='lat' dir='ltr'><strong>hominibus</strong></span> <span class='ocrx_word' id='word_1_325' title='bbox 1343 2331 1464 2359; x_wconf 82' lang='lat' dir='ltr'><strong>autem</strong></span> <span class='ocrx_word' id='word_1_326' title='bbox 1490 2336 1563 2358; x_wconf 89' lang='lat' dir='ltr'><strong>non</strong></span> <span class='ocrx_word' id='word_1_327' title='bbox 1585 2324 1744 2370; x_wconf 81' lang='lat' dir='ltr'><strong>pruden-</strong></span> 
     </span>
     <span class='ocr_line' id='line_1_36' title="bbox 306 2371 1743 2421; baseline -0.005 -10"><span class='ocrx_word' id='word_1_328' title='bbox 306 2378 422 2418; x_wconf 83' lang='lat' dir='ltr'><strong>tibus,</strong></span> <span class='ocrx_word' id='word_1_329' title='bbox 446 2377 686 2411; x_wconf 69' lang='lat' dir='ltr'><strong>sed&#39;libidine</strong></span> <span class='ocrx_word' id='word_1_330' title='bbox 718 2378 859 2421; x_wconf 86' lang='lat' dir='ltr'><strong>agitatis</strong></span> <span class='ocrx_word' id='word_1_331' title='bbox 897 2374 1136 2409; x_wconf 85' lang='lat' dir='ltr'><strong>intolerabilis</strong></span> <span class='ocrx_word' id='word_1_332' title='bbox 1159 2374 1216 2406; x_wconf 88' lang='lat' dir='ltr'><strong>vel</strong></span> <span class='ocrx_word' id='word_1_333' title='bbox 1253 2374 1327 2406; x_wconf 90' lang='lat' dir='ltr'><strong>solo</strong></span> <span class='ocrx_word' id='word_1_334' title='bbox 1351 2373 1542 2418; x_wconf 81' lang='lat' dir='ltr'><strong>adspectu3</strong></span> <span class='ocrx_word' id='word_1_335' title='bbox 1573 2377 1612 2405; x_wconf 83' lang='lat' dir='ltr'><strong>at</strong></span> <span class='ocrx_word' id='word_1_336' title='bbox 1638 2371 1699 2416; x_wconf 90' lang='lat' dir='ltr'><strong>qui</strong></span> <span class='ocrx_word' id='word_1_337' title='bbox 1722 2382 1743 2404; x_wconf 87' lang='lat' dir='ltr'><strong>e</strong></span> 
     </span>
     <span class='ocr_line' id='line_1_37' title="bbox 308 2418 1745 2468; baseline -0.006 -10"><span class='ocrx_word' id='word_1_338' title='bbox 308 2425 486 2459; x_wconf 80' lang='lat' dir='ltr'><strong>contrario</strong></span> <span class='ocrx_word' id='word_1_339' title='bbox 507 2425 765 2468; x_wconf 80' lang='lat' dir='ltr'><strong>temperantiae</strong></span> <span class='ocrx_word' id='word_1_340' title='bbox 787 2423 992 2464; x_wconf 83' lang='lat' dir='ltr'><strong>studebant,</strong></span> <span class='ocrx_word' id='word_1_341' title='bbox 1017 2422 1142 2454; x_wconf 81' lang='lat' dir='ltr'><strong>hilaris</strong></span> <span class='ocrx_word' id='word_1_342' title='bbox 1172 2426 1207 2453; x_wconf 89' lang='lat' dir='ltr'><strong>et</strong></span> <span class='ocrx_word' id='word_1_343' title='bbox 1219 2420 1384 2465; x_wconf 85' lang='lat' dir='ltr'><strong>propitia.</strong></span> <span class='ocrx_word' id='word_1_344' title='bbox 1406 2431 1487 2453; x_wconf 87' lang='lat' dir='ltr'><strong>nam</strong></span> <span class='ocrx_word' id='word_1_345' title='bbox 1508 2418 1651 2452; x_wconf 88' lang='lat' dir='ltr'><strong>modum</strong></span> <span class='ocrx_word' id='word_1_346' title='bbox 1677 2429 1745 2451; x_wconf 88' lang='lat' dir='ltr'><strong>no-</strong></span> 
     </span>
     <span class='ocr_line' id='line_1_38' title="bbox 311 2464 1746 2515; baseline -0.006 -9"><span class='ocrx_word' id='word_1_347' title='bbox 311 2478 367 2506; x_wconf 87' lang='lat' dir='ltr'><strong>rat</strong></span> <span class='ocrx_word' id='word_1_348' title='bbox 393 2471 560 2505; x_wconf 86' lang='lat' dir='ltr'><strong>tristitiae</strong></span> <span class='ocrx_word' id='word_1_349' title='bbox 588 2472 878 2515; x_wconf 84' lang='lat' dir='ltr'><strong>severitatisque,</strong></span> <span class='ocrx_word' id='word_1_350' title='bbox 914 2475 954 2502; x_wconf 88' lang='lat' dir='ltr'><strong>ut</strong></span> <span class='ocrx_word' id='word_1_351' title='bbox 979 2479 1095 2513; x_wconf 88' lang='lat' dir='ltr'><strong>neque</strong></span> <span class='ocrx_word' id='word_1_352' title='bbox 1123 2468 1266 2500; x_wconf 84' lang='lat' dir='ltr'><strong>tristitia</strong></span> <span class='ocrx_word' id='word_1_353' title='bbox 1290 2467 1452 2500; x_wconf 85' lang='lat' dir='ltr'><strong>immanis</strong></span> <span class='ocrx_word' id='word_1_354' title='bbox 1480 2470 1517 2499; x_wconf 86' lang='lat' dir='ltr'><strong>et</strong></span> <span class='ocrx_word' id='word_1_355' title='bbox 1541 2465 1616 2498; x_wconf 87' lang='lat' dir='ltr'><strong>fera</strong></span> <span class='ocrx_word' id='word_1_356' title='bbox 1639 2464 1746 2497; x_wconf 86' lang='lat' dir='ltr'><strong>vide-</strong></span> 
     </span>
     <span class='ocr_line' id='line_1_39' title="bbox 311 2512 1745 2563; baseline -0.006 -10"><span class='ocrx_word' id='word_1_357' title='bbox 311 2525 429 2560; x_wconf 86' lang='lat' dir='ltr'><strong>retur,</strong></span> <span class='ocrx_word' id='word_1_358' title='bbox 466 2529 584 2563; x_wconf 89' lang='lat' dir='ltr'><strong>neque</strong></span> <span class='ocrx_word' id='word_1_359' title='bbox 609 2517 771 2550; x_wconf 78' lang='lat' dir='ltr'><strong>hiiaritas</strong></span> <span class='ocrx_word' id='word_1_360' title='bbox 807 2516 980 2549; x_wconf 85' lang='lat' dir='ltr'><strong>dissoluta</strong></span> <span class='ocrx_word' id='word_1_361' title='bbox 1018 2521 1055 2548; x_wconf 86' lang='lat' dir='ltr'><strong>et</strong></span> <span class='ocrx_word' id='word_1_362' title='bbox 1089 2513 1281 2555; x_wconf 83' lang='lat' dir='ltr'><strong>indomita;</strong></span> <span class='ocrx_word' id='word_1_363' title='bbox 1316 2519 1425 2558; x_wconf 84' lang='lat' dir='ltr'><strong>atque</strong></span> <span class='ocrx_word' id='word_1_364' title='bbox 1449 2512 1568 2551; x_wconf 85' lang='lat' dir='ltr'><strong>hunc,</strong></span> <span class='ocrx_word' id='word_1_365' title='bbox 1592 2513 1745 2556; x_wconf 84' lang='lat' dir='ltr'><strong>opinor,</strong></span> 
     </span>
     <span class='ocr_line' id='line_1_40' title="bbox 312 2558 1748 2604; baseline -0.006 -5"><span class='ocrx_word' id='word_1_366' title='bbox 312 2566 502 2600; x_wconf 86' lang='lat' dir='ltr'><strong>terminum</strong></span> <span class='ocrx_word' id='word_1_367' title='bbox 517 2564 698 2598; x_wconf 82' lang='lat' dir='ltr'><strong>statuebat</strong></span> <span class='ocrx_word' id='word_1_368' title='bbox 713 2563 921 2603; x_wconf 82' lang='lat' dir='ltr'><strong>modestiae,</strong></span> <span class='ocrx_word' id='word_1_369' title='bbox 946 2568 986 2595; x_wconf 86' lang='lat' dir='ltr'><strong>ut</strong></span> <span class='ocrx_word' id='word_1_370' title='bbox 999 2561 1199 2594; x_wconf 85' lang='lat' dir='ltr'><strong>humanitas</strong></span> <span class='ocrx_word' id='word_1_371' title='bbox 1217 2560 1359 2594; x_wconf 86' lang='lat' dir='ltr'><strong>condita</strong></span> <span class='ocrx_word' id='word_1_372' title='bbox 1375 2565 1470 2593; x_wconf 84' lang='lat' dir='ltr'><strong>esset</strong></span> <span class='ocrx_word' id='word_1_373' title='bbox 1484 2559 1651 2604; x_wconf 77' lang='lat' dir='ltr'><strong>gravitate</strong></span> <span class='ocrx_word' id='word_1_374' title='bbox 1668 2558 1748 2591; x_wconf 81' lang='lat' dir='ltr'><strong>ani-</strong></span> 
     </span>
     <span class='ocr_line' id='line_1_41' title="bbox 313 2607 1744 2658; baseline -0.006 -12"><span class='ocrx_word' id='word_1_375' title='bbox 313 2614 435 2658; x_wconf 88' lang='lat' dir='ltr'><strong>mique</strong></span> <span class='ocrx_word' id='word_1_376' title='bbox 460 2611 716 2656; x_wconf 82' lang='lat' dir='ltr'><strong>magnitudine.</strong></span> <span class='ocrx_word' id='word_1_377' title='bbox 739 2616 867 2644; x_wconf 86' lang='lat' dir='ltr'><strong>natura</strong></span> <span class='ocrx_word' id='word_1_378' title='bbox 899 2609 944 2641; x_wconf 80' lang='lat' dir='ltr'><strong>ad</strong></span> <span class='ocrx_word' id='word_1_379' title='bbox 963 2608 1208 2641; x_wconf 82' lang='lat' dir='ltr'><strong>meditandum</strong></span> <span class='ocrx_word' id='word_1_380' title='bbox 1235 2607 1448 2652; x_wconf 86' lang='lat' dir='ltr'><strong>propensior</strong></span> <span class='ocrx_word' id='word_1_381' title='bbox 1473 2612 1560 2647; x_wconf 84' lang='lat' dir='ltr'><strong>erat,</strong></span> <span class='ocrx_word' id='word_1_382' title='bbox 1593 2610 1629 2638; x_wconf 79' lang='lat' dir='ltr'><strong>et</strong></span> <span class='ocrx_word' id='word_1_383' title='bbox 1654 2615 1744 2638; x_wconf 78' lang='lat' dir='ltr'><strong>nova</strong></span> 
     </span>
     <span class='ocr_line' id='line_1_42' title="bbox 315 2652 1746 2704; baseline -0.006 -11"><span class='ocrx_word' id='word_1_384' title='bbox 315 2670 454 2704; x_wconf 81' lang='lat' dir='ltr'><strong>semper</strong></span> <span class='ocrx_word' id='word_1_385' title='bbox 488 2658 636 2692; x_wconf 79' lang='lat' dir='ltr'><strong>consilia</strong></span> <span class='ocrx_word' id='word_1_386' title='bbox 670 2659 787 2690; x_wconf 86' lang='lat' dir='ltr'><strong>animo</strong></span> <span class='ocrx_word' id='word_1_387' title='bbox 813 2655 994 2695; x_wconf 83' lang='lat' dir='ltr'><strong>versabat,</strong></span> <span class='ocrx_word' id='word_1_388' title='bbox 1021 2667 1091 2688; x_wconf 91' lang='lat' dir='ltr'><strong>non</strong></span> <span class='ocrx_word' id='word_1_389' title='bbox 1120 2654 1317 2698; x_wconf 80' lang='lat' dir='ltr'><strong>perniciosa</strong></span> <span class='ocrx_word' id='word_1_390' title='bbox 1343 2653 1406 2686; x_wconf 81' lang='lat' dir='ltr'><strong>illa</strong></span> <span class='ocrx_word' id='word_1_391' title='bbox 1431 2652 1576 2699; x_wconf 86' lang='lat' dir='ltr'><strong>quidem</strong></span> <span class='ocrx_word' id='word_1_392' title='bbox 1603 2652 1654 2684; x_wconf 89' lang='lat' dir='ltr'><strong>rei</strong></span> <span class='ocrx_word' id='word_1_393' title='bbox 1677 2662 1746 2696; x_wconf 86' lang='lat' dir='ltr'><strong>pu-</strong></span> 
     </span>
     <span class='ocr_line' id='line_1_43' title="bbox 315 2698 1746 2751; baseline -0.006 -11"><span class='ocrx_word' id='word_1_394' title='bbox 315 2707 446 2747; x_wconf 84' lang='lat' dir='ltr'><strong>blicae,</strong></span> <span class='ocrx_word' id='word_1_395' title='bbox 471 2712 511 2740; x_wconf 88' lang='lat' dir='ltr'><strong>ut</strong></span> <span class='ocrx_word' id='word_1_396' title='bbox 534 2704 679 2751; x_wconf 75' lang='lat' dir='ltr'><strong>quidam</strong></span> <span class='ocrx_word' id='word_1_397' title='bbox 705 2703 954 2743; x_wconf 74' lang='lat' dir='ltr'><strong>mussitabant,</strong></span> <span class='ocrx_word' id='word_1_398' title='bbox 981 2701 1046 2735; x_wconf 84' lang='lat' dir='ltr'><strong>sed</strong></span> <span class='ocrx_word' id='word_1_399' title='bbox 1073 2702 1252 2742; x_wconf 82' lang='lat' dir='ltr'><strong>salutaria,</strong></span> <span class='ocrx_word' id='word_1_400' title='bbox 1281 2710 1447 2746; x_wconf 80' lang='lat' dir='ltr'><strong>quaeque</strong></span> <span class='ocrx_word' id='word_1_401' title='bbox 1469 2698 1648 2745; x_wconf 87' lang='lat' dir='ltr'><strong>perditum</strong></span> <span class='ocrx_word' id='word_1_402' title='bbox 1675 2699 1746 2731; x_wconf 84' lang='lat' dir='ltr'><strong>iam</strong></span> 
     </span>
    </p>
   </div>
  </div>
 </body>
</html>
