1754 3086
245 66 355 123 380
687 80 869 123 ANNAE
915 80 1207 126 coMNENAE

245 183 449 238 ρατάξεως
474 178 670 234 ἑστηκώς,
698 178 1006 234 συνεβούλευεν,
1032 179 1137 222 ἐπάν
1165 180 1189 234 ἡ
1218 180 1392 233 σάλπιγξ
1419 179 1464 223 τὸ
1484 178 1671 223 ἐνυάλιον

244 249 396 306 η’χήσῃ,
437 245 672 298 ἀποβάντας
710 249 792 289 τῶν
836 247 971 288 ἳππων
1000 245 1097 294 τούς
1145 244 1401 299 στρατιώτας
1435 248 1567 302 σχολῇ
1601 248 1673 286 καί

243 315 376 368 βάδην
403 308 509 354 κατὰ
539 314 621 354 ταῖν
643 313 839 354 ἐναντίων
853 318 1021 366 χωρεῖν,
1048 311 1179 362 τόξοις
1197 310 1248 353 τοὶ
1271 310 1400 352 πολλὰ
1430 312 1671 364 χρωμένους

245 380 315 421 καί
344 380 674 431 ἀκροβολισμοῖς,
705 380 777 419 καί
794 377 868 432 τὴν
895 379 1087 433 φάλαγγα
1116 378 1197 418 τῶν
1210 379 1384 426 Σκυθῶν
1411 378 1471 427 εἰς
1497 373 1671 423 ἑαυτοὺς

244 445 569 499 προκαλεῖσθαι·
639 443 744 484 ἐπὰν
789 445 834 484 δὲ
861 441 1033 491 τούτους
1061 443 1376 498 παρασυρέντας
1413 441 1484 484 καί
1509 443 1571 484 ἐπ’
1595 436 1668 483 αὖ·
1685 445 1710 488 5

246 510 342 558 τοὺς
372 506 659 562 ἑγκεκραγότας
688 507 785 558 τούς
812 510 964 557 ἵππους
991 506 1230 560 θεάσαιντο,
1262 505 1552 562 προτροπάδην
1581 507 1672 562 ὀπι-

244 573 506 628 σθορμητους
545 574 787 628 γενομένους
834 573 969 627 ὀλίγον
1008 574 1275 627 διαιρεθῆναι
1320 576 1541 627 τηνικαῦτα
1580 573 1676 627 διχῇ

243 643 303 690 εἰς
331 637 465 690 δεξιόν
490 654 533 680 τε
583 642 654 680 καί
693 638 907 691 εὐώνυμον
946 640 1072 692 μέρος
1096 671 1106 690 ,
1136 637 1208 679 καί
1241 638 1384 691 χώραν
1416 640 1561 680 δοῦναι
1590 642 1676 684 τοῖς

244 707 444 753 ἐναντίοις
486 705 529 752 ἐς
557 707 768 756 τοσοῦτον,
799 704 876 752 ἕως
913 701 963 745 ἄν
993 706 1069 746 τοῦ
1098 705 1259 756 τείχους
1288 705 1460 757 πλησίον
1484 704 1675 757 γένοιντο.

243 770 393 815 τούτου
421 772 467 811 δὲ
493 769 717 824 γεγονότος,
749 768 1002 824 παρήγγελτο
1039 774 1121 819 τοῖς
1164 765 1326 811 ἄνωθεν
1353 767 1565 823 ἑστηκόσιν
1593 766 1673 809 α’πὸ
1696 785 1712 814 ι,

204 838 321 890 ρτοῦ
347 838 539 889 τείχους,
579 835 754 889 ὁπηνίκα
794 834 868 889 την
893 837 1042 888 σχίζαν
1081 837 1163 876 τῶν
1192 833 1415 890 φαλάγγων
1441 834 1676 887 θεάσαιντο,

247 903 387 957 ξίφεσι
424 900 474 942 τὰ
516 898 703 942 καλώδια
745 899 911 943 κόπτειν
934 902 1004 942 καί
1034 902 1207 957 α’φεῖναι
1245 899 1342 951 τους
1373 898 1551 955 τροχούς
1571 901 1677 952 μετὰ

243 969 327 1009 τῶν
357 967 516 1018 αἘόνων
546 961 707 1007 ἄνωθεν
732 966 844 1008 κάτω
884 966 1304 1020 κατακρημνίζεσθαι.
1360 967 1515 1020 ἐγένετο
1542 967 1677 1007 ταῦτα

245 1031 350 1075 κατά
382 1030 521 1074 τὸτοῦ
548 1034 754 1085 βασιλέως
782 1030 1066 1086 παράγγελμα.
1121 1034 1193 1073 καί
1219 1029 1370 1085 ἁθρόοι
1394 1032 1472 1084 μὲν
1493 1028 1679 1084 ἑπαρρά-

245 1101 387 1149 ξαντες
425 1093 533 1152 ἦσαν
583 1095 622 1139 οἱ
650 1096 814 1138 Σκύθαι
853 1097 933 1138 σὺν
972 1098 1200 1154 α’λαλαγμῷ
1232 1098 1476 1153 βαρβαρικῷ
1513 1093 1710 1138 ἱππόταιι

245 1163 346 1206 κατὰ
377 1166 450 1218 τῆς
477 1161 692 1218 ἡμεδαπῆς
722 1162 1006 1218 παρατάξεως,
1035 1164 1138 1219 πεζῇ
1166 1161 1238 1204 καί
1263 1164 1399 1217 βάδην
1426 1166 1510 1204 κατ’
1542 1162 1681 1204 αὐτῶν

247 1232 420 1282 ιἐμὲνων
450 1228 640 1282 πάντων,
667 1228 798 1282 μόνου
828 1230 874 1270 δὲ
900 1231 975 1270 τοῦ
1012 1226 1315 1283 αὐτοκράτορος
1345 1229 1501 1283 ἐπόχου
1529 1244 1682 1282 συγκασ

250 1293 407 1343 τιόντος
437 1296 591 1344 αὐτοῖς.
661 1292 699 1335 οἱ
747 1296 794 1335 δὲ
834 1292 937 1336 κατά
979 1292 1053 1348 την
1082 1294 1157 1336 τοῦ
1198 1293 1503 1349 αυ’τοκρα’τορος
1535 1296 1684 1347 τέχνην

251 1360 389 1414 ὀλίγον
419 1358 516 1414 γόνυ
541 1357 688 1413 γουνὸς
716 1360 968 1413 α’μείψαντες
1013 1358 1086 1400 καί
1114 1356 1200 1402 οἷον
1233 1359 1568 1412 α’ναποδιὶταντες,
1592 1361 1684 1401 ,διε-

249 1426 486 1480 σχίσθησαν
525 1426 593 1466 α’π’
622 1421 822 1479 ἇλλὴλων,
850 1425 906 1474 ὥς
937 1421 1009 1465 οὐκ
1050 1419 1101 1466 ἄν
1127 1441 1188 1473 τις
1219 1419 1402 1478 ἤλπισεν,
1430 1423 1572 1479 ὥσπερ
1600 1424 1720 1471 θυὲη

251 1507 331 1547 ραν
361 1496 446 1540 τοῖς
482 1489 713 1546 βαρβάροις
752 1490 1015 1546 πλατυτάτην
1055 1494 1114 1541 εἰς
1141 1490 1213 1546 την
1245 1490 1406 1535 εἴσοδον
1433 1489 1684 1543 ὑπανοίξαν-

343 1620 378 1641 2.
407 1607 518 1655 ἦχὴσῃ
543 1607 587 1649 C,
614 1608 817 1653 ἐπιβοήσειε
845 1609 885 1649 Ρ,
919 1608 1108 1654 ἓμβοὴσειε
1132 1610 1178 1649 A,
1204 1608 1356 1655 ἓνηχήσῃ
1381 1607 1421 1643 τό
1445 1607 1616 1644 ἐνυάλιον
1641 1608 1683 1640 G.

343 1658 376 1690 5.
403 1653 491 1689 αὐτὸ
513 1656 553 1687 A.
670 1658 703 1698 ὃ.
731 1665 770 1688 τε
794 1667 862 1687 om.
890 1657 932 1688 G.
1049 1669 1082 1700 9.
1112 1657 1147 1695 ἐς
1173 1656 1350 1691 τοσοῦτον
1375 1666 1442 1687 om.
1466 1655 1507 1687 A.
1634 1666 1683 1686 ιι.

344 1699 409 1745 τήν
435 1713 503 1736 om.
533 1701 576 1734 G.
699 1704 749 1736 13.
778 1704 947 1747 ἐγένοντο
975 1698 1041 1738 οὖν
1068 1703 1107 1735 Α.
1237 1705 1285 1748 14.
1314 1702 1572 1749 παράγγελμα,
1601 1701 1687 1748 πεζῇ

343 1750 384 1782 Α.
506 1749 582 1793 lege
609 1748 871 1794 ἐπαράξαντες.
972 1753 1022 1783 15.
1052 1749 1167 1794 ᾔεσαν
1193 1750 1235 1782 G.
1336 1761 1385 1793 ¹7·
1411 1751 1568 1796 ἱεμένων
1590 1747 1688 1783 πάν-

345 1808 420 1831 των
446 1797 521 1830 κατ’
548 1795 669 1830 αὐτῶν
694 1797 766 1829 AG.
795 1799 951 1843 ἱεμένων
976 1798 1110 1829 correxi
1137 1797 1195 1828 hic
1220 1801 1257 1829 et
1279 1796 1384 1829 infra.
1486 1798 1535 1830 18.
1563 1795 1599 1829 οἱ
1626 1795 1687 1829 δὲε

346 1842 477 1877 αὐτίκα
508 1843 602 1888 γοῦν
630 1843 758 1889 οἱμὲν
781 1844 847 1877 τοῦ
874 1845 1070 1888 βασιλέως,
1095 1839 1185 1877 κατὰ
1206 1839 1270 1885 τὴν
1295 1845 1435 1878 ἐκείνου
1461 1844 1600 1887 τέχνην,
1623 1841 1689 1887 γό-

344 1902 390 1926 νυ
413 1889 453 1922 A.
546 1900 600 1922 21.
628 1889 858 1926 πλατύτατον
884 1891 921 1923 Α.
1005 1889 1269 1930 ὑπανοίξαντες
1291 1891 1343 1931 Δ,
1372 1888 1582 1930 ἀνοίξαντες
1609 1889 1688 1930 CG,

344 1935 569 1983 ἀνεῴξαντες
595 1937 628 1970 Ρ.

255 2027 446 2062 exadverso
485 2027 625 2061 hostilis
660 2029 833 2062 exercitus
866 2033 987 2062 staret.
1025 2030 1101 2073 ipse
1127 2028 1278 2061 mediam
1301 2032 1428 2061 tenens
1451 2026 1585 2066 aciem,
1616 2026 1689 2058 suis

254 2074 388 2116 edixit,
422 2080 480 2114 ut,
520 2087 628 2120 quum
653 2076 803 2120 primurn
827 2076 1008 2109 classicum
1033 2076 1221 2116 cecinerit,
1259 2075 1398 2107 omissis
1433 2074 1552 2118 equis,
1586 2072 1687 2105 lento

253 2122 364 2166 gradu
389 2121 426 2154 in
454 2121 600 2165 Scythas
624 2121 798 2156 vaderent
826 2134 957 2169 eosque
983 2123 1119 2156 eminus
1146 2120 1352 2154 lacessendo
1377 2120 1416 2153 in
1439 2130 1476 2153 se
1504 2119 1687 2154 elicerent.

254 2169 323 2201 iam
347 2169 377 2201 si
393 2167 455 2201 hos
479 2174 676 2210 cernerent,
702 2170 802 2214 equis
819 2170 987 2211 incitatis,
1009 2170 1154 2209 irruere,
1181 2169 1218 2200 in
1237 2168 1353 2212 fugam
1378 2177 1416 2200 se
1445 2165 1688 2208 coniicerent3

255 2214 319 2248 sed
332 2215 530 2260 paullulum
551 2214 770 2248 dextrorsum
795 2216 1107 2261 sinisti-orsumque
1120 2214 1354 2254 discedentes,
1382 2211 1544 2246 hostibus
1571 2212 1688 2244 locum

254 2261 383 2295 darent
404 2262 591 2306 tantisper,
617 2261 700 2295 dum
728 2262 773 2295 ad
796 2274 914 2296 muros
931 2264 1170 2302 accessissent.
1202 2261 1300 2307 quod
1326 2259 1387 2293 ubi
1412 2259 1687 2304 conspexissent,

253 2309 319 2353 qui
341 2309 379 2342 in
402 2308 590 2342 moenibus
616 2308 770 2350 stabant,
795 2309 924 2354 gladiis
949 2311 1051 2343 funes
1077 2309 1248 2342 dissecare
1265 2314 1432 2352 rotasque
1457 2317 1534 2340 cum
1562 2304 1687 2338 axibus

253 2355 416 2388 deorsum
458 2355 692 2400 praecipitare
732 2356 911 2390 iubentur.
965 2358 1055 2390 fiunt
1093 2356 1276 2400 imperata.
1330 2353 1479 2397 Scythae
1527 2351 1687 2386 conserto

251 2402 417 2446 agmine,
444 2402 535 2435 truci
561 2401 702 2436 sublato
728 2403 892 2444 clamore,
926 2404 1026 2448 equis
1051 2402 1314 2448 aggrediuntur,
1339 2401 1421 2434 dum
1449 2400 1558 2434 nostri
1581 2397 1688 2444 pedi—
1730 2400 1733 2402 ’

251 2448 319 2482 bus
345 2449 441 2482 lente
466 2448 675 2493 procedunt,
701 2449 776 2482 solo
800 2451 1014 2494 imperatore
1041 2460 1134 2494 equo
1148 2449 1310 2482 vehente.
1340 2448 1423 2481 dein
1445 2445 1481 2479 hi
1506 2457 1548 2478 ex
1570 2444 1686 2490 impe-

254 2495 377 2529 ratoris
404 2495 555 2528 consilio
591 2506 705 2539 genua
739 2506 860 2540 presso
896 2496 1005 2540 gradu
1030 2496 1247 2530 alternantes
1283 2500 1319 2528 et
1343 2493 1442 2540 quasi
1468 2491 1687 2528 recedentes,

253 2543 291 2575 in
317 2541 402 2575 duas
436 2548 554 2587 partes
591 2541 781 2575 discedunt
810 2549 952 2587 praeter
987 2542 1309 2587 exspectationem,
1347 2542 1394 2574 ita
1420 2545 1460 2573 ut
1483 2538 1618 2572 aditum
1642 2537 1687 2570 ad

252 2588 423 2633 oppidum
450 2587 589 2622 barbari
615 2588 788 2622 haberent
808 2589 1072 2634 amplissimum,
1121 2590 1181 2634 qui
1210 2588 1270 2621 ubi
1297 2599 1359 2632 per
1378 2587 1445 2620 hoc
1471 2586 1559 2619 aciei
1584 2585 1686 2628 quasi
1732 2598 1734 2602 ³

254 2636 380 2669 ostium
398 2641 640 2681 penetrarunt,
667 2641 764 2670 rotae
781 2635 915 2682 impetu
944 2636 1035 2668 ultra
1055 2635 1212 2669 cubitum
1243 2648 1259 2668 a
1279 2646 1377 2668 muro
1408 2632 1555 2672 ablatae,
1586 2630 1683 2676 (nam
