1754 3086
234 106 373 117 *Q-
381 104 634 115 ——u-w-——w---w
656 108 678 113 ω
688 108 896 116 ὴν-ν,«-.--,
909 110 1091 117 ,,,..,.,-.,,,,Α
1113 111 1210 117 ..μη-η.
1225 111 1291 117 -...
1303 112 1414 118 ‚-.„.„..

570 563 636 632 A
663 564 729 632 Λ
759 562 829 630 Ε
854 557 922 636 Ξ
947 561 1086 630 ΙΑ
1113 562 1194 630 Σ
1257 560 1346 641 ζ.

450 741 967 802 ALEXIADIS
1006 740 1295 801 LIBER
1330 742 1446 830 vvl.

750 987 1154 1021 ARGUMENTUM.

322 1112 470 1148 Alezius
491 1111 661 1147 Castor-ia
675 1112 831 1157 potitur,
859 1109 1008 1159 expulso
1022 1114 1209 1157 Bryennio
1235 1115 1298 1159 (ι).
1344 1114 1558 1150 Manichaei
1581 1114 1669 1149 dolo
1723 1142 1731 1162 3

231 1159 475 1196 circumventi
495 1160 558 1204 (2).
609 1160 809 1205 imperator
835 1161 876 1192 in
909 1160 1030 1194 urbem
1065 1159 1203 1200 redux,
1247 1162 1422 1195 concione
1459 1160 1668 1201 advocata,

229 1207 273 1243 de
296 1208 463 1253 spoliatis
487 1206 651 1241 ecclesiis
675 1217 710 1240 se
726 1214 861 1252 purgat
888 1206 950 1249 (3).
1001 1208 1209 1241 coniuratio
1232 1207 1387 1242 detecta.
1414 1208 1571 1242 Traulus
1586 1209 1670 1242 Ma-

228 1255 428 1294 uiolamus,
455 1253 582 1287 Alexio
612 1253 798 1297 insensuS,
827 1253 974 1300 aufugit
1001 1261 1035 1287 et
1059 1255 1283 1288 Beliatobam
1307 1263 1462 1300 occupat
1489 1255 1549 1299 (4).
1597 1255 1670 1288 Ro-

228 1302 323 1335 berti
346 1301 386 1333 in
411 1300 599 1344 Illyricum
622 1298 773 1332 reditus.
808 1300 976 1333 arcessiti
1002 1299 1047 1333 ab
1073 1301 1201 1334 Alexio
1228 1302 1356 1335 Veneti
1382 1301 1495 1335 varia
1513 1302 1671 1345 fortuna

227 1347 406 1382 dimicant
441 1358 518 1379 cum
543 1346 687 1379 Latinis
711 1345 774 1390 (5).
831 1354 971 1379 mortuo
998 1347 1165 1386 lieberto,
1201 1348 1409 1381 Normanni
1431 1349 1472 1380 in
1499 1348 1668 1391 Apuliam

228 1401 467 1429 revertuntur
481 1393 544 1436 (6).
591 1391 691 1426 Sethi
706 1391 886 1436 astrologi
904 1392 1124 1426 vaticinium
1138 1392 1181 1427 de
1207 1395 1308 1427 obitu
1321 1394 1476 1429 Roberti.
1489 1393 1666 1439 digressio

225 1440 270 1476 de
297 1439 586 1486 genethlialogia
612 1439 673 1483 (7).
730 1438 794 1471 sub
828 1437 921 1472 idem
956 1447 1091 1483 tempus
1126 1442 1295 1474 nascitur
1317 1444 1425 1474 Anna
1465 1442 1667 1480 Comnena,

226 1489 331 1523 cuius
353 1487 393 1519 in
412 1484 738 1521 acclamationibus
757 1496 832 1517 una
852 1496 928 1518 cum
949 1486 1205 1525 Constantino,
1231 1486 1424 1520 Michaelis
1444 1486 1541 1531 silio,
1568 1498 1669 1519 men·
1724 1473 1733 1511 Τ

222 1536 279 1569 zio
301 1533 364 1579 sit,
391 1532 507 1567 donec
531 1540 649 1566 mater
669 1531 803 1576 filium,
828 1543 964 1566 summa
998 1533 1155 1565 omnium
1184 1533 1343 1574 laetitia,
1367 1535 1470 1579 parit
1492 1535 1555 1577 (8).
1602 1534 1669 1567 So-

225 1582 343 1624 lymas
358 1579 555 1613 Antiochia
579 1580 734 1622 potitur,
762 1590 785 1611 a
814 1578 945 1612 Tutuse
971 1589 1052 1611 mox
1081 1590 1281 1623 oppressus.
1311 1591 1462 1625 magnus
1485 1581 1667 1619 soltanus,

226 1628 295 1674 qui
318 1638 342 1659 a
370 1627 502 1660 Tutuse
528 1625 601 1658 sibi
622 1632 818 1664 metueret,
846 1625 969 1658 Alexii
1002 1625 1220 1670 affinitatem
1245 1626 1365 1659 ambit.
1392 1627 1444 1664 is,
1472 1627 1596 1661 Siausi
1615 1627 1668 1659 le-
1714 1633 1715 1636 ’

225 1674 307 1721 gati
327 1671 486 1719 perfidia
510 1684 613 1711 usus,
639 1672 798 1716 Sinopen
823 1671 973 1717 aliaque
1000 1671 1133 1717 oppida
1155 1681 1347 1717 recuperat
1372 1673 1434 1717 (9).
1490 1671 1668 1715 Apelcha-

225 1732 323 1760 sem,
352 1720 514 1754 Nicaeae
540 1727 718 1763 satrapa,
756 1717 969 1760 Bithyniam
1005 1721 1182 1752 incursat.
1219 1718 1415 1753 identidem
1449 1732 1472 1753 a
1497 1718 1671 1752 Romanis

227 1771 374 1806 victus,
400 1765 453 1799 ad
477 1765 707 1809 imperatoris
733 1764 932 1798 amicitiam
957 1775 992 1797 se
1022 1765 1183 1810 applicat
1207 1764 1293 1807 (ιο).
1339 1767 1513 1799 Nicaeam
1537 1767 1670 1799 Prosu-

228 1814 295 1847 cho
308 1838 319 1854 ,
347 1813 488 1846 sultani
510 1811 616 1851 duce,
641 1818 892 1855 oppugnante,
918 1811 1173 1856 Apelchascmo
1200 1813 1347 1846 Aleoeius
1372 1813 1581 1846 auxiliatur
1605 1822 1668 1845 ur-

227 1862 375 1904 bemque
405 1858 591 1893 obsidione
617 1857 729 1890 solvit
753 1857 838 1900 (ιι).
886 1856 1005 1891 denuo
1032 1858 1200 1891 sullanus
1225 1867 1353 1892 contra
1377 1858 1670 1904 Apelchasemum

229 1906 341 1940 mittit
363 1906 551 1939 Puzanum
574 1904 719 1943 ducem,
754 1902 938 1951 eidemque
974 1903 1024 1937 ad
1050 1905 1214 1939 Alexium
1249 1907 1395 1939 litteras
1418 1903 1461 1938 de
1486 1905 1670 1951 affinitate

229 1950 417 1997 iungenda
439 1952 566 1985 tradit.
613 1949 845 1997 Apelchasem
869 1952 1137 1995 strangulatur.
1193 1952 1364 1992 Alea-ius,
1388 1953 1558 1998 quamvis
1582 1962 1670 1984 cone

228 1998 405 2033 ditionem
430 1999 590 2032 oblatam
615 2009 810 2037 aversans,
834 1997 998 2043 officiose
1022 1998 1168 2030 sultano
1196 1998 1394 2040 rescribit;
1419 2010 1524 2042 quem
1549 2006 1671 2030 tamen

230 2047 375 2079 interea
401 2046 574 2084 Tutuses,
610 2042 796 2077 duodecim
821 2044 1031 2078 subornatis
1064 2044 1206 2077 Chasiis
1222 2069 1231 2084 ‚
1253 2044 1443 2090 interficit.
1466 2045 1585 2089 patris
1608 2054 1673 2077 ne-

230 2103 304 2126 cem
330 2091 610 2132 Pargyaruchus
634 2090 837 2124 ulciscitur.
863 2089 947 2123 dum
970 2091 1121 2125 Alexius
1146 2091 1320 2124 Nicaeam
1347 2092 1508 2136 recipere
1537 2098 1670 2130 tentat,

233 2137 493 2173 Clitziasthlan
511 2138 652 2171 sullani
675 2136 892 2179 dignitatem
915 2145 1045 2171 nactus
1058 2162 1070 2178 ,
1105 2137 1270 2171 consiliis
1293 2139 1371 2171 eius
1395 2137 1558 2171 occurrit
1582 2135 1670 2179 (ια).

231 2185 434 2219 Elchanem
461 2185 681 2218 maritimam
706 2182 756 2216 ad
780 2182 1056 2229 Apolloniadem
1089 2194 1190 2218 oram
1213 2183 1495 2228 depraedantem
1521 2183 1672 2217 Alexius

232 2231 286 2265 ad
307 2229 525 2264 deditionem
563 2230 698 2275 subigit
723 2230 808 2273 (13).
865 2229 988 2263 oritur
1014 2229 1144 2263 bellum
1176 2229 1392 2271 Scythicum.
1440 2231 1671 2264 Pacurianus

231 2286 267 2312 et
290 2278 434 2312 Branas
474 2290 497 2311 a
522 2276 661 2319 Scythis
689 2277 795 2310 caesi.
824 2278 864 2310 in
891 2288 1016 2310 eorum
1049 2276 1167 2312 locum
1197 2278 1343 2312 Alexius
1365 2277 1542 2312 submittit
1567 2276 1671 2310 Tati·

233 2325 350 2366 cium,
375 2324 441 2370 qui
463 2323 607 2358 cautius
632 2334 706 2358 rem
729 2322 945 2370 aggreditur
967 2322 1057 2368 (14).
