1754 3086
665 191 987 235 PRAEFATIO.
1469 190 1563 230 xm

124 298 282 364 5qu'va
313 303 380 361 τῷ
413 298 575 361 στόλῳ
610 297 1014 363 περιποιούμενος.
1086 293 1183 340 Καὶ
1217 292 1304 360 γὰρ
1332 293 1575 358 χειμέριος

118 380 174 437 ἦν
208 384 235 436 ἡ
269 377 368 446 ὥρα
391 379 524 427 καὶὸ
559 376 690 434 ἥλιος
715 377 833 444 πρὸς
852 377 968 431 τοὺς
1002 374 1191 429 νοτίους
1223 376 1424 429 κύκλους
1457 376 1574 422 ἀπε-

116 463 408 525 λαυνόμενος
454 461 538 508 καὶ
583 459 650 524 τῷ
695 461 976 523 αἰγοκέρωτι
1025 456 1305 516 πλησιάζων
1337 458 1571 518 ὑπέτεμνε

115 546 183 595 τὰ
215 545 462 609 ἡμεράσια
494 541 835 605 διαστήματα.
912 539 971 589 ἵν’
1008 538 1094 589 οὖν
1129 542 1193 603 μὴ
1228 539 1276 596 ἐξ
1310 537 1572 606 ὑδροῦντος

114 628 210 693 ἀφ’
236 623 287 682 ἧς
335 620 604 693 ἀρχομένης
654 625 834 692 ἡμέρας
879 626 1210 679 ναυπλωήσειε
1243 623 1327 671 καὶ
1355 621 1572 670 κλύδωσι

114 709 221 758 τισὶ
254 710 664 775 προσπελάσειεν,
694 708 771 755 ἐπὶ
802 708 864 755 τὸ
895 704 1166 775 δυῤῥάχιον
1201 709 1251 754 ἐκ
1283 705 1569 771 βρεντησίου

113 788 243 847 ὅλοις
296 789 473 844 ἱστίοις
520 787 853 854 ἀπενεχθῆναι
902 788 1250 853 ἐβουλεύσατο.
1334 787 1402 834 τὰ
1449 791 1568 848 μήκη

111 872 201 938 γὰρ
234 867 324 919 τοῦ
354 868 693 932 διαστήματος
723 871 946 917 ἐνταῦθα
991 865 1312 930 συνετέμνετο
1347 872 1567 916 ἑπισευο-

113 954 257 1017 μένου
297 955 389 1000 τοῦ
435 948 731 1016 Αδριατικοῦ
775 950 1010 1013 πελάγους
1052 952 1216 996 ἐκεῖθι.
1287 952 1359 997 Οὐ
1400 948 1568 1013 μέντοι

110 1034 227 1085 οὐδὲ
260 1036 350 1083 τὸν
384 1034 493 1081 υἱὸν
537 1033 737 1100 Ρογέρην
771 1032 980 1080 κατόπιν
1015 1031 1189 1099 α’πείλη
1231 1034 1455 1099 καθάπερ
1489 1034 1567 1098 βε-

109 1118 322 1183 βούλητο
351 1116 451 1163 ἀπὸ
474 1112 612 1169 ληίας
645 1114 1039 1180 κεχειροτονηκὼς
1067 1115 1230 1179 κυρίου
1259 1133 1366 1177 μου.
1448 1115 1568 1162 Επεὶ

108 1204 197 1248 οὐκ
231 1198 346 1248 οἶδα
378 1203 474 1252 πῶς
507 1200 572 1252 εἰς
598 1193 683 1244 οἶα
717 1194 835 1254 Roga
864 1198 1014 1245 πάλιν
1049 1198 1206 1245 αὐτὸν
1238 1197 1567 1260 συνετυπόμε-

110 1301 194 1332 νον
228 1280 353 1348 εἶχε·
428 1278 612 1344 μεταξὺ
657 1278 711 1328 δὲ
758 1279 875 1343 πρὸς
909 1280 970 1326 τὸ
1013 1277 1279 1378 δυρράχιον
1315 1280 1564 1328 ἀπέπλουν

108 1366 198 1421 τὴν
228 1383 283 1413 τε
312 1363 508 1429 κορυφω
539 1363 685 1411 πόλιν
719 1362 1051 1427 ὀχυρωτάτην,
1085 1360 1140 1418 ἠν
1176 1361 1286 1410 ἀλλ’
1320 1362 1566 1424 ἀπομένας

107 1450 347 1515 φρούργος
365 1445 413 1503 ἐξ
435 1446 720 1499 ἀποστολην
739 1446 1060 1509 κατήρχοντο,
1110 1449 1178 1492 Εκ
1212 1441 1266 1492 δὲ
1296 1447 1387 1492 τοῦ
1418 1444 1563 1509 γύρου

108 1529 386 1592 πεκτελόγγι
411 1528 626 1592 βάρσους
648 1526 730 1574 καὶ
752 1526 997 1581 ἀπουσίας
1014 1523 1092 1584 ὠν,
1126 1527 1258 1573 ἀλλὰ
1276 1526 1566 1589 μεμέμουσι,

109 1611 191 1659 καὶ
224 1611 312 1665 τὴν
341 1610 507 1676 χώραν
528 1610 922 1675 ἀργυροκάστρον
951 1610 1271 1674 κατέτρωσαν
1304 1607 1386 1654 καὶ
1417 1616 1567 1672 φορο-

106 1695 315 1756 λογήσας
332 1689 691 1757 προσδοκησίας
708 1691 790 1736 καὶ
810 1695 878 1754 τῷ
900 1688 1145 1756 δυρραχίῳ
1162 1690 1564 1757 προσεσχηκέναι.

106 1777 292 1827 Σοῦκας
326 1772 380 1821 δὲ
416 1774 722 1827 ὁπηνικαῦτα
755 1773 995 1836 ἐτύγχανε
1030 1773 1215 1826 παντὸς
1248 1777 1340 1819 τοῦ
1373 1774 1564 1837 Ιλλυρι-

104 1853 190 1903 κοῦ
217 1856 590 1923 στρατεύματος
619 1856 646 1901 ὁ
671 1855 1022 1919 μονομαχάτος
1046 1855 1179 1919 παρὰ
1210 1860 1301 1902 τοῦ
1320 1856 1562 1920 αὐτοκρά-

105 1956 247 2005 τορος
275 1938 511 2003 βασιλέως
545 1940 701 1984 αὐτοῦ
734 1937 1046 1991 ἀποσταλεὶς.
1132 1938 1345 2002 καίτοιγε
1375 1942 1565 2003 πρῶτον

105 2023 192 2077 τὴν
223 2023 509 2076 α’ποστολὴν
530 2022 869 2083 α’πεπέμπετο,
905 2021 987 2068 καὶ
1007 2026 1278 2076 τηνικαῦτα
1312 2017 1367 2076 ἦν
1401 2023 1451 2067 ἐν
1486 2018 1565 2067 πί-

111 2121 220 2152 στει
247 2103 326 2150 ε’πὶ
349 2107 431 2158 τῆς
450 2103 539 2158 τὴν
557 2101 867 2166 λειὲουργίαν
892 2102 1082 2157 ταύτην
1114 2137 1562 2149 ..........

106 2186 188 2234 καὶ
222 2183 391 2233 δοῦλοι
422 2188 514 2231 τοῦ
544 2185 896 2249 αὐτοκράτερος
934 2218 1386 2231 ..........
1422 2182 1565 2246 βουρ-

104 2269 235 2331 γῖλος
279 2285 333 2315 τε
381 2267 463 2313 καὶ
503 2266 748 2331 Γερμανὸς
789 2265 1045 2320 ἑστηκότες
1089 2271 1156 2328 τῷ
1205 2265 1562 2329 Μονομαχάτῳ

105 2350 187 2397 καὶ
222 2348 296 2397 αἐὶ
322 2368 373 2397 τι
407 2348 565 2398 δεινὸν
600 2354 725 2415 εἴρον
755 2349 868 2395 κατ’
901 2349 1057 2396 αὑτὸν
1091 2350 1365 2403 ἐννοοῦντες
1400 2351 1564 2399 κατεῖ,-

107 2450 199 2480 πον
233 2433 388 2480 αὐτὸν
422 2433 543 2497 πρὸς
577 2432 666 2480 τὸν
701 2432 1041 2496 αὐτοκράτορα
1076 2432 1405 2497 συρράψαντα
1439 2426 1564 2476 ὅπου

110 2514 276 2561 τεκαὶ
308 2513 622 2579 βεβούλοιντο
658 2513 740 2560 καὶ
773 2517 1016 2560 τοσοῦτον
1050 2510 1314 2578 ε’νέφλεξαν
1347 2511 1437 2557 τὸν
1471 2514 1564 2556 τοῦ

110 2596 346 2661 βασιλέως
388 2595 494 2642 κατ’
543 2598 699 2643 αὐτοῦ
743 2596 905 2657 θυμὸν
949 2614 987 2644 κ.
1024 2614 1068 2646 τ.
1111 2597 1153 2642 λ.
1233 2597 1299 2642 Ita
1332 2594 1562 2640 Holstenii

108 2678 258 2725 codex
309 2678 472 2725 locum
519 2679 767 2741 exhibuit,
801 2687 968 2742 postea
1013 2695 1039 2725 a
1074 2678 1320 2724 Gronovio
1356 2675 1557 2723 Medicei

108 2777 202 2824 ope
239 2770 522 2808 correctum.
591 2762 658 2809 Ne
689 2762 797 2825 quis
830 2771 987 2808 autem
1024 2761 1144 2807 sorte
1177 2777 1229 2807 ex
1266 2760 1362 2807 hoc
1395 2759 1551 2818 initio,
