1754 3086
237 68 345 125 360
691 87 874 131 ΑΝΝΑΕ
907 88 1199 132 coMNENAE

233 185 384 238 βύθιον
423 181 644 230 ἔστενενρὸ
675 187 888 241 βασιλεύς,
935 189 1095 241 δάκρυα
1124 185 1264 241 θερμὰ
1294 187 1448 240 ἒκχέων
1473 189 1544 230 καὶ
1571 187 1660 230 δνο-

233 254 366 304 μαστί
405 253 578 293 ἕκαστον
613 255 845 307 καθαπερεὶ
883 254 1100 307 ἆπόὁημον
1139 251 1485 306 α’νακαλούμενος.
1539 252 1662 308 ἧττή·

233 332 378 366 σαντες
416 312 490 357 οὖν
534 315 573 359 οἱ
615 316 875 369 Πατζινάκοι
912 316 1012 365 τούς
1049 313 1444 372 ἀντιτεταγμένους,
1484 317 1554 361 διὰ
1588 319 1661 373 τῆς

234 381 563 434 Χαριουπόλεως
599 383 854 436 διελθόντες,
893 382 1187 424 α’πονενεύκασι
1234 382 1338 436 πρὸς
1376 382 1448 425 τὸν
1475 379 1662 438 Ἀπρον,

233 444 402 488 ἅπαντα
439 446 683 500 ληϊζόμενοι.
746 449 795 505 τῇ
837 450 938 502 γοῦν
977 449 1158 504 προτέρᾳ
1195 446 1360 504 μεθόδῳ
1401 446 1699 504 χρησάμενοςό

234 507 361 560 αὖθις
405 510 427 552 ὃ
457 511 652 564 βασιλεῦς
678 511 1068 568 προκαταλαμβάνει
1109 512 1278 562 τούτους
1316 515 1389 555 καί
1409 513 1580 557 εἴσεισιν
1605 514 1666 564 εἷς

232 572 502 631 τὸν”Απρον·
569 574 619 618 οὗ
660 576 739 633 γὰρ
784 579 999 634 προσῆσαν
1027 577 1140 635 αύτῷ
1178 578 1424 632 ἀποχρῶσαι
1446 578 1664 632 δυνάμεις,

108 648 142 680 Ρ.
156 647 220 680 205
234 639 423 696 καθάπερ
467 640 660 692 πολλάκις
686 643 864 698 εἴρηται,
894 643 999 698 πρὸς
1037 642 1178 697 μάχην
1203 649 1286 693 τοῖς
1314 646 1664 697 α’ντικαθισταμέ·

232 712 330 756 νοις.
386 709 605 760 τοιγαροῦν
642 707 854 761 γινώσκων
886 707 1037 758 αὐτούς
1063 706 1168 749 κατά
1195 707 1267 758 τὰς
1294 707 1426 762 αὐγὰς
1454 709 1575 764 ἡλίου
1606 711 1665 758 εἰς

232 770 446 826 προνομὴν
492 774 808 826 ἑξερχομένους,
851 773 1238 827 μετακαλεσάμενος
1278 772 1347 815 τὸν
1380 774 1587 827 Τατίκιον,
1613 767 1661 815 οὗ
1683 791 1719 818 ι(

235 837 257 877 ὃ
289 834 408 890 λόγος
441 837 485 878 έν
512 841 675 886 πολλοῖς
698 839 898 893 ἐμέμνητο
907 871 919 890 ,
948 839 1176 880 ἐνετείλατο
1202 841 1545 894 συμπαραλαβεῖν
1571 841 1664 892 μεθ’

235 898 387 942 ἑαυτοῦ
410 900 504 950 τούς
532 917 576 942 τε
606 905 883 954 καλουμένους
921 905 1249 957 η’νὸρειωμένους
1273 906 1353 946 τῶν
1382 905 1570 959 α’γούρων
1596 907 1670 946 καί

235 966 317 1007 τῶν
345 965 442 1020 περὶ
467 965 543 1021 τὴν
569 969 798 1020 θεραπείαν
824 965 957 1010 αὐτοῦ
983 970 1240 1023 οἷκειοτέρων
1266 968 1361 1018 τούς
1390 970 1567 1023 λογάδας
1597 972 1670 1012 καί

236 1031 334 1080 τούς
361 1031 571 1080 Λατίνους
599 1029 813 1086 ἅπαντας,
862 1037 935 1075 καί
971 1032 1071 1075 κατὰ
1111 1033 1155 1074 τὸ
1185 1037 1437 1088 περιόρθρον
1462 1034 1534 1084 τὰς
1563 1037 1668 1076 Σκυ-

238 1096 363 1144 θικάς
400 1097 605 1150 ἐκδρομὰς
636 1100 975 1147 γὅιυπνισθέντας
1016 1105 1179 1153 τηρεῖν,
1223 1095 1328 1140 ὥσθ’
1356 1097 1530 1155 ὁπηνίκα
1570 1099 1725 1150 τούςιξ

238 1159 407 1210 Σκύθας
435 1164 493 1211 εἷς
521 1161 732 1216 προνομήν
761 1162 943 1214 ἐξιόντας
970 1166 1042 1218 τῆς
1070 1166 1181 1213 ἰδίας
1209 1163 1348 1219 πόρρω
1372 1166 1565 1218 γενέσθαι
1591 1182 1671 1207 πα·

240 1229 445 1281 ρεμβολῆς
474 1227 763 1282 στοχάζοιντο,
797 1233 882 1270 κατ’
913 1227 1050 1270 αὖτῶν
1085 1232 1315 1284 τηνικαῦτα
1340 1226 1459 1279 ὅλους
1486 1229 1670 1286 ῥυτῆρας

240 1293 446 1334 ἐνδοῦναι.
502 1293 523 1333 ὅ
558 1295 605 1334 δὲ
632 1293 731 1335 κατὰ
760 1293 803 1336 τὸ
833 1295 1123 1346 ἐντεταλμένον
1148 1295 1390 1350 πεποιηκώς,
1422 1295 1565 1337 κτείνει
1593 1298 1671 1348 μὲν

203 1360 528 1411 Βτριακοσίους,
560 1357 727 1408 ἱκανούς
756 1361 803 1400 δὲ
830 1361 900 1402 καί
934 1360 1112 1412 ζωγρίαν
1146 1355 1248 1413 ἄγει.
1302 1359 1350 1401 τί
1369 1358 1414 1402 τὸ
1445 1362 1666 1411 ἑντεῦθεν;

242 1421 630 1476 καταλαμβάνουσιν
660 1423 696 1465 οἱ
726 1422 840 1479 παρὰ
869 1426 944 1465 τοῦ
979 1422 1175 1477 Φλάντρα
1209 1423 1506 1474 ἀποσταλέντες
1531 1424 1670 1475 ἱππεῖς
1683 1447 1731 1474 20

243 1485 419 1542 ἔκκριτοι
445 1487 547 1530 nicet*
568 1487 846 1541 πεντακόσιοι,
877 1487 1066 1544 χάρισμα
1097 1488 1331 1541 κομίζοντες
1360 1490 1492 1549 τούτῳ
1524 1491 1675 1540 ἵππους

245 1553 456 1608 ἐκκρίτους
483 1553 558 1595 τὸν
586 1553 771 1610 α’ριθμὸν
814 1550 959 1596 ἑκατὸν
996 1554 1100 1609 πρὸς
1127 1560 1212 1603 τοῖς
1238 1553 1510 1609 πεντήκοντα·
1569 1556 1675 1598 ἀλλὰ

341 1668 374 1690 2.
399 1661 605 1706 καθαπερεὶ
629 1660 654 1693 C
669 1685 678 1701 ,
703 1660 874 1706 καθάπερ
899 1660 969 1694 PG.
1090 1661 1122 1693 3.
1147 1659 1380 1701 Πατζινιὲκαι
1405 1660 1453 1702 G,
1479 1660 1614 1696 σκὺθαι
1637 1663 1678 1696 A.

347 1716 400 1737 ιο.
430 1707 622 1742 Ταττίκιον
646 1707 754 1748 APG,
783 1707 931 1741 correxi.
1052 1718 1102 1740 ια.
1138 1706 1395 1753 ἠνδρωμένους
1422 1709 1513 1741 coni.
1541 1709 1678 1742 Sinner.

344 1751 516 1795 Stephon.
546 1752 716 1787 Thesaur.
741 1755 768 1787 Ι.
793 1765 827 1798 p.
853 1755 932 1799 449.
1015 1752 1090 1788 τῶν
1115 1752 1310 1799 ἆγούρωνε
1326 1753 1510 1800 ἆγούρους
1535 1756 1575 1788 Α.
1629 1767 1679 1799 ¹7·

343 1798 588 1853 στοχάσοιντο
611 1801 654 1835 G.
764 1812 814 1844 ¹9·
839 1803 1074 1854 τριακοσίους
1097 1800 1199 1842 CAG,
1222 1800 1479 1846 τετρακοσίους
1500 1802 1539 1835 Ρ.
1614 1804 1684 1843 ζω-

305 1862 307 1867 ν
345 1844 490 1891 γρήσας
513 1845 556 1877 (1.
673 1858 729 1880 20.
753 1859 860 1894 παρα
885 1846 966 1880 add.
994 1847 1065 1881 CG.
1172 1847 1363 1894 φλάντρας
1387 1848 1430 1882 G.
1534 1858 1591 1882 αι.
1611 1858 1685 1895 χα-

346 1895 512 1939 ρίσματα
536 1892 577 1924 Α.

258 1982 334 2014 sere
357 1986 536 2016 trecentos
573 1994 741 2027 generose
777 1990 977 2029 pugnantes
1016 1985 1190 2027 caedunt3
1226 1996 1313 2030 quos
1337 1984 1397 2018 diu
1423 1986 1555 2030 gemitu
1581 1986 1689 2019 lacri-

257 2028 397 2072 misque
422 2029 567 2062 Alexius
591 2037 797 2074 prosecutus
823 2038 897 2073 est,
927 2032 1137 2064 nominatim
1162 2043 1451 2077 unumquemque
1475 2033 1686 2073 inclamans,

258 2080 430 2119 tanquam
456 2075 632 2110 abessent.
670 2078 818 2111 victoria
844 2079 951 2122 igitur
982 2079 1089 2123 potiti
1114 2079 1339 2119 Pamin-acue,
1366 2079 1513 2112 transita
1539 2078 1688 2111 Chario-

258 2121 357 2165 poH,
383 2123 513 2167 Aprum
539 2123 712 2165 tendunt,
749 2130 875 2158 cuncta
909 2125 1144 2158 devastantes.
1167 2125 1358 2169 imperator
1381 2125 1526 2166 iisdem,
1557 2125 1688 2170 quibus

260 2173 385 2208 antea,
420 2168 558 2202 artibus
598 2181 659 2202 eos
696 2172 883 2216 praevenit
915 2172 1119 2216 Aprumque
1152 2177 1311 2216 occupat.
1335 2182 1453 2217 neque
1482 2172 1576 2205 enim
1605 2173 1691 2205 satis

260 2214 354 2247 iusto
375 2214 420 2247 ad
445 2215 694 2260 proeliandum
711 2243 720 2257 ‚
746 2223 787 2251 ut
810 2219 948 2263 saepius
976 2217 1149 2258 diximus,
1181 2218 1361 2262 copiarum
1384 2228 1531 2251 numero
1555 2218 1691 2252 instru-

262 2266 338 2294 ctus
364 2267 450 2295 erat.
471 2273 580 2307 quare
599 2264 753 2307 cognito,
770 2265 880 2309 prima
899 2265 979 2297 luce
1000 2263 1196 2308 pabulandi
1221 2276 1325 2297 causa
1343 2265 1463 2297 castris
1477 2275 1536 2297 eos
1560 2265 1691 2309 egredi,

262 2308 454 2348 arcessito,
480 2308 580 2341 cuius
605 2309 801 2343 identidem
825 2312 959 2344 mentio
990 2312 1083 2345 facta
1107 2317 1180 2351 est,
1213 2311 1351 2345 Taticio
1376 2310 1578 2353 mandavit,
1602 2317 1691 2344 stre·

262 2354 450 2387 nuioribus
475 2365 519 2388 ex
544 2354 761 2399 epheborum
789 2357 936 2391 cohorte
968 2363 1003 2390 et
1029 2358 1259 2399 famulorum,
1288 2369 1376 2403 quos
1399 2357 1566 2398 haberet,
1592 2357 1694 2391 fidis-

263 2401 361 2434 simis
389 2401 598 2446 Latinisque
639 2402 804 2436 omnibus
842 2405 1024 2444 assumtis,
1054 2404 1213 2437 diluculo
1242 2404 1447 2447 Scytharum
1470 2405 1692 2438 excursiones

264 2447 480 2489 observaret,
506 2453 548 2482 ut
571 2459 650 2482 cum
678 2460 762 2490 eos,
799 2451 861 2495 qui
897 2451 1094 2494 pabulandi
1128 2462 1233 2484 causa
1271 2452 1444 2492 exissent,
1475 2451 1600 2496 procul
1622 2451 1693 2483 iam

265 2493 388 2526 abesse
413 2506 434 2527 a
461 2495 582 2528 castris
617 2496 826 2537 coniiceret,
866 2496 1176 2531 vehementissimo
1215 2497 1400 2531 invaderet
1425 2499 1573 2542 impetu.
1599 2508 1692 2542 quae

265 2539 434 2574 mandata
458 2540 523 2574 ille
550 2548 758 2582 exsecutus,
795 2548 974 2576 trecentos
1011 2544 1158 2584 cecidit,
1198 2555 1266 2577 nec
1295 2555 1426 2589 paucos
1451 2544 1559 2588 cepit.
1606 2543 1693 2588 quid

265 2587 417 2631 postea?
441 2587 635 2622 adveniunt
651 2589 747 2621 missi
772 2601 791 2621 a
807 2589 997 2622 Flandriae
1021 2591 1149 2623 comite
1170 2591 1301 2635 egregii
1325 2591 1464 2636 equites
1488 2592 1562 2623 fere
1587 2591 1693 2634 quin-

267 2635 386 2678 genti,
419 2646 547 2670 munus
582 2635 788 2682 imperatori
822 2638 1011 2671 offerentes
1054 2647 1227 2682 equorum
1263 2643 1403 2672 centum
1435 2637 1692 2684 quinquaginta
