1754 3086
235 54 342 108 362
684 76 865 118 ANNAE
917 78 1210 120 COMNENAE

232 172 330 225 πόν,
375 172 574 216 πάνδεινα
620 172 899 229 ἦπειλήσατο,
943 179 981 219 εἰ
1005 175 1062 231 μή
1096 177 1248 217 θᾶττον
1275 179 1431 218 ἐκεῖθεν
1459 179 1659 230 ἀπέλθοι,

232 238 441 294 κήδεσθαί
464 255 503 280 τε
534 238 665 281 αὐτοῦ
706 242 834 293 λέγων
875 244 947 284 καί
987 240 1055 283 δια
1103 243 1224 283 τοῦτο
1269 244 1551 297 προμηνύειν,
1607 243 1660 288 τὰ

232 306 432 358 μέλλοντα
470 302 600 360 τούτῳ
639 303 809 347 ἔσεσθαι
834 307 962 360 δεινά,
991 309 1030 349 εἰ
1052 303 1111 361 μή
1136 309 1295 348 ἐκεῖθεν
1324 310 1506 362 ἐκσταίη.
1562 307 1586 350 ὅ
1615 309 1662 351 δὲ

234 368 315 410 α’πὸ
346 372 427 432 τῶν
455 372 533 410 τοῦ
554 371 698 424 Τζαχᾶ
725 373 906 413 α’πειλῶν
927 373 1274 423 ε’κὸειματωθείς,
1305 374 1448 422 νυκτὸς
1476 375 1534 422 εἰς
1560 375 1663 416 ναῦν

234 434 456 486 εἰσελθών,
502 434 575 489 τήν
612 437 918 489 βασιλεύουσαν
957 437 1192 492 α’νεζήτησε.
1246 442 1363 480 τοῦτο
1395 440 1442 480 δὲ
1469 441 1699 493 μεμαθη·5
1738 431 1754 454 γ’

236 499 316 549 κώς
344 498 365 540 ὃ
401 503 588 554 Τζαχᾶς,
620 501 757 543 οὐκέτι
803 504 847 543 ἐν
876 504 1099 555 α’ναβολαΐς
1144 497 1218 557 ἦν,
1250 504 1354 545 ἄλλα
1402 505 1662 558 παραχρῆμα

108 562 450 617 Rammium-&aim
499 569 542 617 ἐξ
581 565 738 622 ἐφόδου
775 565 849 620 τήν
883 568 1130 622 ῘΙΙιτυλήνην
1171 571 1383 622 κατέσχεν.
1455 569 1546 610 ἐπεὶ
1569 571 1605 610 δ’
1633 568 1659 622 ἦ

236 631 460 685 ΖΙῑῖήθυμνα
503 634 601 686 περὶ
637 631 683 673 τὸ
715 627 842 686 όῖκρον
870 632 1046 687 ταυτησὶ
1084 634 1157 688 τῆς
1185 632 1312 688 νήσου
1342 636 1581 688 διακειμένη
1611 634 1661 675 οὗ

233 696 536 752 προσεληλύθει
562 699 619 754 τῷ
653 699 808 753 Τζαχᾷ,
837 697 858 738 ὅ
895 697 1094 751 βασιλεύς
1120 700 1215 753 περὶ
1240 698 1387 741 τούτου
1417 700 1662 752 πυθόμενος,

234 766 491 816 παραχρῆμα
527 761 597 803 διὰ
624 764 777 804 πλοίων
814 764 1059 812 α’ποστείλας
1089 764 1341 817 ἀποχρῶσαν
1370 765 1560 818 δύναμιν,
1587 782 1660 806 κα-
1678 777 1718 806 lt

232 825 508 883 τωχυρώσατο
529 826 694 882 ταύτην.
728 827 749 869 ὅ
775 830 913 880 μέντοι
949 829 1115 882 Τζαχᾶς
1144 831 1294 871 ου’ὁένα
1321 829 1438 884 λόγον
1463 831 1533 885 τῆς
1561 833 1662 886 Μη-

233 892 393 946 θύμνης
420 893 662 947 ἐποιήσατο,
696 894 786 934 ἀλλ’
829 893 934 935 εὐθύ
963 897 1037 948 τῆς
1065 896 1176 936 Χιόυ
1201 893 1277 936 τόν
1305 892 1519 937 οἷπόπλουν
1543 911 1664 950 ποιη·

236 957 434 1010 σάμενος,
474 958 517 1008 ἐξ
561 959 715 1013 ἐφόδου
748 961 922 1012 κατέσχε
960 962 1032 1001 καί
1056 960 1222 1014 ταύτην.
1278 957 1377 1016 ὅπερ
1411 959 1432 1002 ὅ
1459 957 1663 1016 αὖτοκρὰ-

235 1041 315 1076 τωρ
345 1021 620 1078 μεμαθηκώς,
650 1026 801 1076 πέμπει
828 1029 917 1065 κατ’
945 1025 1074 1066 αὐτοῦ’
1102 1025 1248 1067 στόλον
1276 1027 1526 1080 ἀποχρῶντα
1554 1025 1661 1079 μετὰ

234 1091 494 1142 στρατιωτῶν
525 1087 687 1142 ἱκανῶν,
709 1089 889 1143 ἡγεμόνα
917 1089 1073 1132 τούτων
1100 1091 1457 1146 καταστησάμενος
1476 1091 1664 1146 Νι-κήταν
1681 1089 1725 1130 ¹5

201 1154 310 1197 Βτόν
343 1156 673 1209 Κασταμονίτην.
728 1154 749 1196 ὃ
777 1157 823 1196 δὲ
850 1155 1044 1197 ἀπελθών
1071 1158 1143 1198 καί
1179 1156 1251 1199 τόν
1281 1156 1382 1210 μετὰ
1412 1159 1489 1199 τοῦ
1521 1157 1666 1211 Τζαχᾶ

234 1220 416 1275 συναρας
435 1219 627 1272 πόλεμον,
658 1220 829 1274 ἡττᾶται
857 1223 1128 1276 παραχρῆμα,
1157 1222 1231 1264 καί
1256 1221 1410 1271 πολλάς
1437 1224 1520 1265 τῶν
1544 1238 1667 1266 συνε-

233 1289 474 1339 παγομένων
503 1282 616 1343 αὐτῷ
663 1289 770 1340 νηῶν
801 1284 820 1326 ὃ
858 1289 1024 1340 Τζαχᾶς
1068 1287 1272 1342 ἀφείλετο.
1330 1291 1403 1330 τοῦ
1431 1283 1664 1342 συμβάντος

236 1355 284 1394 δὲ
309 1354 364 1409 τῷ
392 1353 687 1407 Κασταμονίτῃ
717 1350 737 1392 ὅ
765 1353 960 1405 βασιλεύς
1000 1354 1044 1394 ἐν
1071 1353 1227 1407 εἰδήσει
1254 1354 1465 1408 γενόμενος
1482 1387 1494 1407 ,
1522 1355 1663 1408 ἕτερον

234 1420 434 1469 ἐξοπλίζει
463 1417 633 1470 στόλον,
661 1418 887 1473 ἐπιστήσας
927 1420 1057 1460 deflua
1084 1419 1214 1476 τούτῳ
1248 1422 1564 1462 Κωνσταντῖνον
1590 1417 1663 1461 τόν
1675 1428 1727 1456 2⁰

235 1483 518 1537 Λαλασσηνόν,
549 1477 680 1536 ἄνδρα
717 1483 1013 1537 μαχιμώτατον
1043 1487 1112 1526 καὶ
1138 1483 1347 1539 μητρόθεν
1371 1487 1505 1542 τούτῳ
1534 1500 1662 1539 προσ-

234 1547 395 1602 ήκοντα.
464 1547 510 1597 ὃς
539 1547 644 1589 κατα
684 1548 760 1604 τήν
789 1550 908 1604 ἠϊόνα
935 1552 1007 1604 τῆς
1035 1553 1146 1591 Χιόυ
1176 1551 1410 1604 γενόμενος,
1439 1552 1660 1605 παραχρῆ-

231 1632 291 1667 μα
318 1617 391 1669 τῆς
417 1617 490 1656 τοῦ
524 1611 703 1670 κοίστρου
732 1617 971 1672 πολιορκίας
998 1614 1157 1670 εἴχετο,
1205 1613 1399 1669 ἐκθύμως
1424 1614 1662 1670 μαχόμενος

324 1740 357 1773 3.
387 1732 491 1771 δεινὰ
519 1738 673 1771 ἔσεσθαι
699 1737 741 1770 G.
820 1748 869 1770 ια.
898 1736 963 1774 τὸν
994 1749 1062 1772 om.
1089 1739 1131 1772 G.
1210 1740 1259 1773 16.
1284 1736 1350 1774 τὸν
1364 1738 1513 1771 alterum
1537 1738 1660 1771 om.G.

323 1795 380 1816 20.
407 1783 522 1830 τούτῳ
557 1783 671 1819 δοῦκιι
703 1785 754 1826 G,
786 1785 916 1819 τούτου
939 1786 974 1818 P.
1137 1795 1192 1818 21.
1224 1780 1444 1829 Δαλασηνὸν
1471 1785 1498 1819 C
1524 1796 1663 1830 semper

322 1837 458 1876 postea.

233 1942 304 1977 est,
329 1937 399 1970 nisi
423 1937 606 1969 celerrime
645 1936 843 1976 decederet,
868 1937 962 1970 bene
985 1948 1022 1971 se
1051 1939 1083 1971 ei
1107 1938 1200 1972 velle
1220 1936 1353 1970 addens
1375 1936 1530 1982 ideoque
1554 1947 1658 1981 prae-

232 1985 423 2024 monuisse,
451 1995 538 2028 quas
567 1990 731 2028 capturus
758 1990 851 2017 esset
887 1985 1126 2025 calamitates,
1150 1985 1219 2017 nisi
1245 1984 1327 2017 inde
1352 1983 1478 2016 abiret.
1504 1983 1558 2016 his
1585 1989 1658 2016 ter-

234 2032 322 2064 ritus
347 2035 506 2070 curator,
531 2037 638 2063 noctu
665 2032 744 2064 navi
768 2043 977 2072 conscensa,
1009 2032 1138 2077 Cpolin
1165 2031 1288 2076 petiit3
1318 2042 1390 2075 quo
1415 2029 1569 2064 Tzachas
1594 2041 1658 2062 au-

233 2078 321 2118 dito,
347 2077 424 2110 sine
448 2088 543 2110 mora
561 2078 757 2120 Mitylenen
781 2079 972 2122 profectus,
999 2078 1176 2123 extemplo
1197 2089 1272 2110 eam
1297 2079 1401 2121 cepit.
1449 2077 1656 2119 Methymna

233 2130 369 2164 autem,
395 2125 433 2157 in
460 2125 701 2168 promontorio
727 2124 833 2158 huius
857 2126 995 2158 insulae
1019 2126 1104 2167 sita,
1130 2136 1207 2157 curn
1230 2123 1276 2156 ad
1299 2122 1471 2156 Tzacham
1496 2134 1568 2156 non
1593 2122 1657 2156 de-

232 2172 364 2212 ficeret,
388 2171 579 2215 imperator
602 2182 641 2204 ea
668 2171 711 2204 (le
737 2183 772 2204 re
798 2173 926 2205 certior
951 2173 1074 2214 factus,
1098 2171 1198 2204 illico
1225 2170 1371 2203 navibus
1396 2170 1527 2202 idonea
1552 2181 1657 2214 prae-

233 2218 323 2252 sidia
345 2218 456 2258 misit,
482 2217 611 2262 quibus
636 2218 747 2251 hostis
773 2219 898 2263 repelli
931 2225 1060 2263 posset.
1106 2224 1142 2252 at
1176 2218 1352 2258 T'zachas,
1388 2217 1488 2249 nulla
1514 2216 1657 2259 Methy-

231 2275 336 2298 mnae
361 2265 499 2298 ratione
523 2263 657 2305 habita,
673 2264 797 2298 Chium
822 2271 914 2299 recta
936 2267 1125 2310 profectus,
1152 2266 1269 2298 statim
1295 2275 1333 2296 ea
1348 2274 1491 2308 quoque
1508 2264 1655 2308 potitur.

231 2311 331 2358 quod
354 2311 415 2344 uhi
440 2311 644 2356 imperatori
669 2313 870 2345 nuntiatum
897 2318 968 2353 est,
993 2313 1138 2345 classem
1163 2317 1217 2344 sat
1239 2322 1401 2355 magnam
1425 2322 1501 2343 cum
1526 2309 1657 2343 idonea

229 2359 385 2392 militum
418 2369 524 2392 manu
560 2364 681 2391 contra
716 2370 794 2391 eum
835 2359 950 2399 misit,
985 2359 1072 2392 duce
1098 2358 1222 2392 Niceta
1259 2358 1507 2391 Castamonita.
1534 2367 1654 2390 verum

230 2405 308 2446 hic,
346 2405 483 2451 proelio
519 2416 597 2438 cum
634 2405 773 2437 Tzacha
808 2407 1010 2446 commisso,
1042 2407 1159 2439 statim
1191 2406 1324 2444 victus,
1361 2404 1489 2436 multas
1524 2414 1654 2443 naves,

230 2452 361 2498 quibus
392 2457 567 2496 praeerat,
595 2452 723 2485 amisit.
760 2452 802 2484 ad
831 2453 906 2485 eius
945 2453 1054 2485 cladis
1086 2453 1250 2485 nuntium
1285 2452 1476 2495 imperator
1508 2451 1653 2482 alteram

231 2511 347 2533 rursus
374 2498 518 2532 classem
553 2503 687 2539 armat,
722 2498 826 2543 eique
862 2499 986 2531 (lucem
1025 2500 1196 2543 praefecit
1221 2498 1493 2532 Constantinum
1527 2496 1653 2529 Dalas-

232 2558 371 2586 senum,
405 2546 634 2580 fortissimum
667 2545 780 2579 virum
816 2544 852 2578 et
885 2552 1039 2578 materna
1064 2546 1130 2590 ipsi
1169 2546 1379 2589 cognatione
1411 2545 1580 2576 iunctum.
1621 2543 1652 2575 is

232 2593 445 2639 simulatque
468 2592 512 2626 ad
538 2591 616 2635 Chii
640 2603 734 2625 oram
758 2593 930 2637 pervenit,
956 2593 1055 2624 nulla
1078 2591 1164 2624 arcis
1190 2590 1448 2637 oppugnandae
1476 2601 1570 2623 mora
1597 2589 1650 2621 sa-

232 2645 305 2681 cta,
331 2645 472 2675 strenue
495 2638 721 2674 adnitebatur
738 2664 747 2680 ,
781 2644 820 2672 ut
849 2639 1049 2684 priusquam
1083 2638 1239 2672 Tzaehas
1265 2639 1409 2682 Smyrna
1447 2635 1648 2675 adveniret,
