1754 3086
164 1955 168 1961 .
243 1916 418 1963 scribe:
455 1914 562 1976 ἐμοὶ
592 1915 680 1980 γὰρ
709 1919 894 1972 ταύτην
929 1919 1112 1982 ἐχούσῃ
1145 1916 1342 1974 σκοπόν,
1378 1913 1560 1962 ἄνωθεν
1592 1932 1681 1960 κα-

243 113 370 152 XXVI
678 111 936 154 LUDOVlCI
975 112 1236 155 SCHOPEN!

245 205 358 250 alibi
387 206 617 269 loquitur,
649 206 777 254 velut
795 207 846 254 in
862 207 1058 254 Praesat.
1077 225 1122 270 p.
1146 206 1194 267 4,
1216 210 1288 253 13.
1326 201 1399 250 δεῖ
1429 203 1518 269 γὰρ,
1549 201 1679 268 ἐξορ-

241 290 452 349 χεῖσθαι
497 290 686 344 ταῦτα,
726 287 806 333 καὶ
850 289 906 333 οὐ
946 283 1319 351 περιαυτολογία
1359 285 1419 331 τὸ
1463 288 1675 349 πρᾶγμα.

243 369 347 414 vid.
384 368 619 414 Schaefer.
662 367 724 415 ad
763 369 914 432 Apoll.
953 369 1107 416 Rhod.
1150 368 1279 414 T.11.
1316 385 1362 431 p.
1390 370 1500 414 218.
1567 367 1676 413 Mox

242 449 271 495 l.
298 455 368 494 11.
403 458 530 495 recte
571 449 620 494 A.
668 450 865 495 ἐκεῖθεν.
940 450 1161 496 Formula
1202 448 1365 495 Annae
1408 448 1596 495 usitata:
1630 465 1677 511 p.

246 531 445 591 139,12.
481 532 593 592 366,
613 535 657 578 3.
697 541 766 593 et,
811 533 985 578 omisso
1022 528 1183 592 ἔνθεν,
1219 534 1332 582 217,
1355 532 1429 577 18.
1464 527 1676 591 411,13.

241 607 355 672 430,
377 617 450 659 10.
550 610 632 673 40,
650 614 694 660 6.
730 613 891 659 malim
909 610 1198 674 Βαρδάριον,
1233 611 1368 675 quod
1391 611 1443 660 A.
1465 612 1677 674 praehet.

240 691 344 739 Vid.
384 694 525 740 Tafel.
567 695 681 741 Mus.
729 695 877 741 Rhen.
906 696 957 742 V.
983 699 1027 741 2.
1073 712 1120 758 p.
1144 696 1250 741 185.
1351 690 1536 754 41,13.
1574 697 1677 745 τοῖς

241 782 351 819 ante
382 775 530 818 ἐκεῖθι
576 792 678 822 non
719 775 990 823 delendum.
1092 773 1172 836 42,
1196 776 1269 821 16.
1317 774 1473 837 placet
1509 773 1678 821 conie-

241 864 373 901 ctura
405 855 459 902 G.
497 855 764 917 Dindorfii,
799 858 849 902 in
881 857 1017 902 Thes.
1052 855 1216 919 steph.
1250 853 1424 903 Vol.11.
1460 870 1509 916 p.
1533 854 1674 900 1516.

237 954 328 1000 pro
365 931 545 981 διώκλα
578 938 827 983 scribentis
862 934 1108 994 διώκλαζε.
1207 933 1288 998 45,
1306 940 1352 983 2.
1383 944 1493 982 ante
1527 935 1678 996 μέσον

244 1017 472 1064 excidisse
515 1018 703 1065 videtui·
744 1021 821 1072 εἰς.
903 1021 955 1066 ln
990 1037 1097 1083 sqq.
1143 1021 1174 1067 l.
1209 1024 1283 1066 12.
1330 1017 1678 1066 restituendum

240 1108 310 1145 est
339 1095 639 1162 διηγήσομαι.
708 1101 893 1149 Ibidem
929 1103 957 1148 l.
980 1104 1056 1150 16.
1079 1119 1168 1166 pro
1194 1098 1277 1149 ἕνα
1298 1102 1424 1148 bene
1456 1099 1507 1147 A.
1542 1095 1680 1147 εἶναι.

239 1176 317 1237 49,
341 1183 412 1227 13.
447 1197 536 1243 pro
583 1182 754 1229 vitioso
788 1186 891 1236 τοῖς
923 1183 1037 1246 πρὸς
1079 1184 1202 1243 ἡμᾶς
1233 1182 1438 1230 emendo
1473 1180 1533 1228 τὸ
1561 1180 1678 1244 πρὸς

239 1262 378 1321 ἡμᾶς.
481 1264 558 1323 51,
582 1268 652 1308 11.
689 1259 896 1324 ἄγεσθαι
931 1264 1214 1311 mutandum
1241 1281 1413 1311 censeo
1444 1264 1496 1310 in
1527 1259 1680 1326 ἄρχε-

242 1343 384 1388 σθαι.
489 1345 567 1406 59,
592 1342 666 1391 14.
686 1362 733 1407 γε
761 1345 867 1392 dele
897 1363 1004 1394 cum
1027 1347 1076 1392 A.
1178 1351 1257 1408 31,
1281 1353 1320 1392 1.
1344 1347 1557 1410 recipere
1591 1345 1680 1413 de-

240 1425 418 1471 bebam
461 1426 647 1487 τούτῳ,
694 1427 830 1490 quod
873 1428 924 1474 in
969 1429 1014 1474 F.
1059 1428 1237 1491 legitur.
1314 1428 1495 1490 Nempe
1530 1426 1680 1489 inier-

238 1506 466 1569 punctio,
500 1523 596 1569 qua
627 1508 760 1554 locus
787 1509 1000 1569 laborat,
1030 1508 1387 1571 imprudentem
1422 1524 1500 1553 me
1536 1506 1681 1553 dece—

238 1587 325 1651 pit.
362 1587 427 1633 Ita
457 1588 737 1635 scribendus
778 1599 870 1637 est:
915 1586 1028 1636 οὐδὲ
1072 1585 1155 1635 διὰ
1183 1589 1271 1641 τὴν
1304 1588 1682 1653 ὑποτρέχουσαν

238 1665 482 1727 ὑποψίαν,
513 1665 592 1714 ὅτι
625 1671 785 1734 πατήρ
818 1672 949 1726 ἐστι,
985 1669 1091 1735 περὶ
1126 1666 1183 1717 οὗ
1219 1670 1580 1734 συγγράφομεν,
1615 1668 1681 1713 τὰ

239 1750 606 1815 κατορθώματα
639 1752 798 1814 τούτῳ
824 1749 1300 1818 παραδραμούμεθα.
1337 1754 1391 1800 In
1416 1769 1552 1815 seqq.
1587 1753 1617 1798 l.
1633 1754 1679 1798 3.

239 1844 368 1882 recte
406 1833 535 1880 idem
581 1836 623 1882 F.
660 1836 863 1889 ταύτην.
899 1837 1066 1883 Totam
1102 1824 1259 1883 autem
1294 1835 1578 1882 sententiam
1611 1833 1679 1879 sic

242 1996 400 2062 θάπερ
433 1998 664 2051 πολλάκις
709 2003 906 2063 εἴρηται.
1006 2002 1085 2060 96,
1108 2004 1152 2046 3.
1197 2016 1253 2045 ex
1300 1998 1350 2044 A.
1381 1999 1468 2058 μὲν
1517 1997 1678 2044 ascisci

247 2079 475 2141 oportuit.
543 2079 647 2127 Vid.
681 2080 879 2144 Niceph.
899 2081 1164 2144 Bryenn.11.
1195 2097 1243 2142 p.
1265 2077 1436 2141 94,16.
1537 2080 1617 2140 98,
1635 2080 1676 2125 5.

243 2160 425 2223 corrige
469 2163 530 2224 τῇ
561 2157 613 2206 δὲ
648 2159 751 2221 μετ’
787 2161 966 2218 αὐτὴν,
1017 2178 1073 2207 ex
1099 2160 1333 2207 constanti
1368 2159 1533 2206 Annae
1565 2176 1678 2205 usu:

242 2242 421 2303 p.116,
445 2243 488 2286 5.
534 2238 646 2302 340,
674 2239 748 2287 14.
795 2239 970 2303 4οο,5.
1014 2239 1223 2301 419,12.
1259 2237 1467 2301 439,20.
1570 2242 1680 2300 103,

248 2324 320 2368 13.
354 2339 443 2384 pro
479 2319 819 2388 οἷφροντησίαν
837 2321 1144 2370 scribendum
1181 2331 1249 2367 est
1283 2338 1391 2368 cum
1413 2323 1463 2367 A.
1495 2320 1680 2384 ἀφρον-

245 2399 430 2465 τισίαν,
458 2413 512 2450 ut
531 2422 577 2467 p.
600 2406 708 2465 139,
721 2402 765 2450 4.
805 2408 913 2465 181,
941 2407 1012 2451 18.
1078 2402 1181 2449 Vid.
1202 2403 1405 2448 Lobeck.
1426 2401 1488 2448 ad
1503 2402 1679 2464 Phryn.
1734 2429 1738 2460 3

245 2502 293 2547 p.
315 2488 424 2532 510.
529 2487 638 2546 106,
662 2490 736 2532 10.
774 2487 946 2537 ἐκεῖνος
979 2482 1031 2530 δὲ
1057 2489 1159 2535 τοῖς
1182 2486 1274 2528 τῶν
1301 2485 1527 2545 μοναχῶν
1560 2484 1682 2528 ὐπο-

246 2564 420 2627 ζυγίοις
455 2562 709 2620 ἑπεισάξας
750 2565 818 2612 τὰ
857 2568 1047 2611 ἑαυτοῦ.
1132 2565 1273 2612 Nihili
1310 2573 1379 2610 cst
1410 2561 1681 2618 ἑπεισάξας,
1724 2558 1741 2622 ²}

249 2645 461 2712 Corrige:
494 2643 738 2703 ἐπισάξας.
844 2649 1045 2708 111,18.
1083 2645 1376 2694 coniunctim
1410 2645 1562 2692 scribe
1595 2659 1680 2688 κα-
1722 2624 1738 2643 1
