1754 3086
234 83 347 149 400
675 101 858 145 ANNAE
901 102 1200 145 commum

231 201 493 255 παραχρῆμα
513 198 586 254 τὴν
599 203 819 256 γενομένην
844 202 1050 257 ταφρείαν
1067 202 1258 243 ἑπιπλέον
1273 199 1526 256 ἐπαυξῆσας,
1541 198 1675 259 ἧιιωσε

230 266 404 314 τούτους
428 264 532 318 μετὰ
558 269 632 307 τοῦ
659 269 807 308 λοιποῦ
827 265 1154 320 στρατεύματος.
1188 265 1225 308 οἱ
1257 268 1303 308 δὲ
1325 266 1518 320 Κομάνοι
1539 287 1674 326 παρα·-

228 334 377 386 χρῆμα
401 330 473 385 τὴν
502 331 661 387 τάφρον
679 330 1082 386 καταλαμβάνουσιν,
1105 329 1205 373 ὅθεν
1222 330 1243 373 ὅ
1261 334 1460 385 βασιλεύς
1477 333 1581 386 μετὰ
1598 338 1675 378 τοῦ

231 395 445 438 ὁπλιτικοῦ
462 396 610 446 παντὸς
628 397 788 451 α’πάρας
805 398 1062 450 διεπέρασεν,
1084 393 1217 438 αὐτοῦ
1231 411 1312 438 που
1331 397 1676 454 κατασκηνώσαν-

230 479 310 513 τες.
338 464 390 519 τῇ
415 463 516 516 γοῦν
544 467 630 514 μετ’
653 461 783 516 αὐτὸν
803 463 963 503 ἐκεῖθεν
985 460 1151 515 α’πάρας
1170 461 1193 502 ὅ
1227 463 1510 518 αὐτοκράτωρ,
1543 474 1712 516 κατα-5

192 540 216 571 Β
230 525 455 582 λαμβάνειν
477 526 620 581 ἔμελλε
640 526 710 570 τὸν
733 527 922 570 κάτωθεν
948 529 1026 569 τοῦ
1044 528 1236 580 ποταμοῦ
1253 527 1381 582 πόρον
1401 532 1475 571 τοῦ
1491 533 1674 573 Φιλοκά-

93 603 135 637 V.
156 604 217 637 182
231 600 304 639 λου
333 596 547 649 ἐγχωρίως
578 592 853 646 καλούμενον·
911 592 1067 642 ἱκανοῖς
1095 594 1142 634 δὲ
1174 593 1257 635 τῶν
1284 596 1459 637 Σκυθῶν
1488 595 1675 650 ἐντυχών,

229 665 303 703 κατ’
337 662 564 716 τηνικαῦτα
593 658 839 714 προσβαλών
880 660 1032 711 αὐτοῖς,
1067 659 1266 713 καρτερὸν
1291 662 1454 714 συνῆψε
1481 660 1671 714 πόλεμον.

227 729 302 768 καί
331 729 557 768 κτείνονται
581 727 660 778 μὲν
687 721 762 765 οὖν
790 727 835 766 ἐν
861 727 919 780 τῷ
946 722 1162 778 μάχεσθαι
1190 727 1233 775 ἐξ
1264 722 1469 779 ἑκατέρων
1499 730 1669 769 πολλοί·

230 789 342 847 ὅμως
377 794 423 833 δὲ
449 789 520 845 τὴν
547 794 728 833 νικῶσαν
756 786 867 845 εἶχεν
896 789 917 830 ὁ
943 788 1161 844 βασιλεύς,
1191 788 1367 845 ἡττήσας
1395 791 1492 843 τούς
1507 791 1675 844 Σκύθας
1692 814 1736 841 ιο

228 856 333 900 κατά
359 856 518 912 κράτος.
596 853 705 897 οὕτω
749 857 850 909 γοῦν
892 857 965 910 τῆς
1006 853 1147 910 μάχης
1190 857 1462 913 διαλυθείσης
1495 858 1567 900 καί
1593 861 1673 907 τῶν

228 920 555 977 στρατευμάτων
592 921 889 975 διακριθέντων
935 919 1042 976 πρὸς
1073 921 1147 971 τάς
1193 922 1344 971 οἰκείας
1386 923 1673 978 παρεμβολάς,

229 989 364 1031 αὐτοῦ
393 1003 473 1029 που
502 985 548 1028 τὸ
579 986 809 1039 Ῥωμαϊκὸν
838 989 1083 1040 προσέμεινε
1116 986 1358 1042 στράτευμα
1386 989 1440 1030 δι’
1475 985 1572 1045 ὅλης
1598 993 1673 1045 τῆς

227 1053 323 1096 τότε
352 1052 510 1102 νυκτός.
570 1052 833 1107 αύγαζούσης
863 1054 909 1094 δὲ
946 1055 1018 1107 τῆς
1047 1052 1207 1107 ἡμέρας
1238 1054 1399 1095 ἐκεῖθεν
1423 1055 1672 1110 ἀπάραντες,

228 1117 599 1172 καταλαμβάνουσι
626 1119 752 1160 τόπον
782 1115 874 1159 τινά
906 1117 1164 1170 καλούμενον
1190 1121 1266 1160 τοῦ
1294 1119 1518 1175 Λεβούνη·
1569 1125 1670 1174 βου·
1691 1128 1738 1170 15

191 1185 300 1236 cwig
328 1186 373 1226 δὲ
412 1186 484 1239 τῆς
528 1183 726 1232 πεδιάδος
759 1182 1068 1238 ὖπερκείμενος.
1136 1179 1270 1226 ἄνεισι
1294 1187 1373 1237 μὲν
1391 1180 1466 1227 οὖν
1493 1186 1626 1228 ἐκεῖσε
1653 1185 1675 1228 δ

230 1250 516 1304 αὐτοκράτωρ.
587 1249 682 1291 ἐπεὶ
708 1250 755 1290 δὲ
782 1249 841 1303 μὴ
870 1247 916 1290 τὸ
947 1249 1031 1290 πᾶν
1058 1251 1133 1290 τοῦ
1161 1251 1469 1304 στρατεύματος
1496 1248 1518 1291 ὅ
1545 1251 1673 1307 ὕπερ..

227 1317 411 1371 κείμενος
458 1314 608 1371 ἐχώρει
631 1314 779 1367 τόπος,
821 1317 919 1367 περὶ
954 1313 1053 1364 τούς
1078 1313 1292 1368 πρόποδας
1320 1316 1454 1357 aufto&
1482 1315 1675 1372 διώρυχα

225 1381 403 1438 ποιήσας
443 1382 517 1422 καί
543 1378 705 1436 τάφρον
737 1380 992 1435 ἀποχρῶσαν
1019 1382 1076 1435 τῷ
1104 1382 1231 1421 παντί
1258 1379 1554 1436 στρατεύματι,
1587 1384 1678 1425 ἐκεῖ

225 1447 396 1496 τούτους
426 1448 691 1500 κατατίθησι.
749 1443 944 1498 πρόσεισι
987 1446 1033 1487 δὲ
1063 1448 1287 1499 τηνικαῦτα
1314 1448 1371 1503 τῷ
1397 1447 1674 1503 αὐτοκράτορι
1686 1466 1737 1492 20

226 1508 354 1560 αὖθις
395 1510 626 1564 αὐτόμολος
666 1507 686 1550 ὃ
714 1511 928 1565 Νεάντζης
967 1512 1038 1552 καί
1067 1508 1146 1552 σύν
1182 1512 1298 1569 αὐτῷ
1326 1511 1459 1564 ὀλίγοι
1489 1515 1672 1557 Σκύθαι.

226 1577 270 1621 ὃν
298 1577 554 1630 θεασάμενος
597 1573 617 1617 ὅ
650 1577 850 1630 βασιλεύς
890 1575 962 1618 καί
989 1577 1064 1631 τῆς
1093 1579 1296 1632 προτέρας
1325 1579 1457 1619 αύτοῦ
1482 1579 1674 1633 α’γιπωμο-

324 1735 352 1756 ι.
377 1723 624 1768 γεγενημένην
650 1721 692 1754 G.
812 1722 845 1766 4.
872 1720 1092 1768 διεπέρασεν
1120 1721 1203 1762 CG,
1231 1721 1458 1768 διεπέρασαν
1482 1723 1517 1756 Ρ.
1637 1738 1672 1771 9.

318 1773 383 1804 καὶ
410 1768 489 1802 add.
520 1769 560 1801 A.
658 1765 727 1804 οὖν
754 1767 837 1801 add.
866 1768 903 1801 C.
1015 1768 1200 1815 ἑκατέρων
1223 1768 1298 1804 τῶν
1320 1770 1608 1818 στρατευμάτων
1630 1774 1670 1805 Α.

326 1828 378 1850 ιο.
407 1814 631 1862 ὅμωςετέως
649 1815 689 1847 Α.
794 1825 844 1848 12.
870 1808 937 1854 τὰς
967 1826 1036 1847 om.
1066 1815 1109 1848 G.
1219 1816 1271 1849 13.
1297 1816 1357 1859 τῆς
1381 1828 1450 1850 om.
1475 1817 1518 1850 G.
1613 1829 1670 1852 22.

321 1862 435 1898 αὐτοῦ
462 1861 545 1895 add.
571 1862 646 1895 AG.

227 2000 356 2045 gaudio
382 2001 586 2045 imperator,
613 1999 677 2032 ubi
702 1999 933 2033 advenientes
955 1999 1138 2045 paulisper
1162 2000 1398 2044 praestolatus
1423 2006 1494 2043 est,
1525 2002 1671 2038 fluvium

226 2059 305 2081 cum
331 2048 375 2080 iis
399 2047 558 2086 traiecit,
581 2046 740 2092 vallique
760 2048 908 2080 circuitu
931 2047 1095 2080 celeriter
1113 2052 1230 2087 aucto,
1257 2047 1395 2092 reliquo
1417 2050 1589 2082 exercitui
1615 2062 1671 2083 re.

226 2100 348 2128 centes
373 2094 492 2139 copias
508 2093 683 2126 adiunxit.
733 2093 880 2127 Comani
904 2099 1022 2126 autem
1044 2094 1080 2125 in
1108 2104 1186 2126 eum
1213 2094 1392 2139 extemplo
1415 2095 1545 2137 locum,
1573 2097 1670 2131 unde

225 2142 419 2187 imperator
443 2145 520 2174 toto
557 2141 713 2173 exercitu
751 2141 961 2181 traiecerat,
1000 2146 1226 2173 accesserunt
1247 2141 1372 2186 ibique
1401 2147 1513 2175 castra
1536 2155 1669 2188 posue-

225 2195 320 2222 runt.
381 2187 557 2232 postridie
588 2187 781 2231 imperator
813 2187 898 2220 inde
938 2197 1084 2220 movens
1117 2186 1163 2219 ad
1189 2186 1316 2220 vadum
1360 2188 1459 2222 fluvii
1497 2190 1670 2232 inferius,

227 2235 325 2280 quod
357 2234 530 2268 Philocali
566 2233 757 2278 indigenae
793 2233 997 2279 appellant,
1025 2244 1103 2266 cun]
1127 2233 1165 2266 in
1190 2234 1397 2276 Scytharum
1422 2236 1543 2280 copias
1570 2236 1670 2272 haud

228 2283 372 2326 exiguas
398 2281 605 2321 incidisset,
632 2291 747 2313 acrem
773 2281 949 2314 commisit
976 2291 1142 2325 pugnam.
1168 2280 1254 2314 licet
1278 2282 1382 2314 multi
1407 2283 1587 2329 utrimque
1609 2296 1670 2318 oc-

228 2329 455 2368 cubuissent,
487 2328 636 2371 palmam
657 2333 776 2360 tamen
800 2328 994 2373 imperator
1020 2329 1234 2372 reportavit,
1263 2327 1402 2371 Scythis
1427 2329 1587 2363 funditus
1612 2332 1668 2364 vi-

228 2376 306 2409 ctis.
331 2376 398 2408 tali
421 2375 527 2407 modo
556 2385 674 2419 pugna
700 2375 800 2407 finita
824 2381 861 2408 et
885 2374 1100 2408 exercitibus
1127 2373 1173 2406 ad
1202 2380 1315 2408 castra
1343 2377 1504 2418 reversis,
1532 2377 1669 2412 ibidem

229 2423 379 2456 Romani
404 2426 683 2467 pernoctarunt3
710 2421 786 2453 sole
813 2427 891 2454 orto
918 2420 1002 2454 inde
1026 2420 1188 2466 profecti,
1215 2420 1259 2453 ad
1283 2422 1400 2455 locum
1427 2422 1574 2457 Lebune
1599 2436 1668 2458 no-

228 2470 402 2503 minatum
425 2473 674 2513 pervenerunt.
722 2468 825 2501 collis
851 2473 906 2502 est
927 2467 1093 2513 planitiei
1117 2468 1318 2501 imminens.
1367 2467 1459 2502 eum‘
1476 2470 1670 2516 imperator

229 2515 451 2550 conscendit.
501 2515 670 2561 quoniam
706 2526 789 2549 vero
825 2515 996 2552 exercitui
1029 2515 1097 2548 toti
1124 2514 1299 2559 capiendo
1334 2516 1436 2549 collis
1476 2528 1550 2550 non
1575 2524 1669 2560 erat,

228 2563 277 2596 ad
304 2562 441 2596 radices
467 2563 543 2595 eius
570 2562 700 2595 fossam
727 2561 831 2594 duxit
855 2561 1062 2606 vallumque
1088 2560 1270 2603 idoneum,
1295 2561 1421 2607 ibique
1445 2563 1567 2608 copias
1594 2565 1669 2598 col-

224 2610 372 2643 locavit.
402 2621 445 2643 eo
469 2615 627 2654 tempore
641 2609 815 2642 Neantzes
839 2608 1019 2651 transfuga
1047 2609 1299 2652 imperatorem
1326 2620 1444 2643 rursus
1467 2609 1558 2644 adiit
1578 2623 1669 2656 pau-

230 2658 280 2692 cis
305 2668 384 2691 cum
409 2656 561 2702 Scythis.
611 2666 716 2702 quem
747 2656 970 2701 conspicatus
993 2655 1207 2700 imperator,
1235 2656 1364 2701 prioris
1387 2655 1557 2702 perfidiae
1586 2669 1668 2693 eum

1738 2997 1751 3084 ἰ’-κ’.
1740 2947 1749 2958 ⁴„
1748 2914 1754 2918 ἶ
1753 2882 1754 2885 Α
1753 2805 1754 2847 MA*
1753 2779 1754 2782 „
