1754 3086
245 97 390 137 XXXII
762 94 914 134 PETRl
955 94 1158 136 Possim

248 222 294 247 ac
322 206 499 246 tenebris
529 206 672 244 iacuit:
705 220 752 246 ac
781 220 872 246 cum
894 207 990 245 olim
1012 213 1074 247 tot
1094 207 1193 245 aliae
1225 206 1333 245 nulla
1365 207 1462 246 hnic
1491 221 1535 247 ex
1564 215 1683 262 parte

246 277 545 332 comparandae
567 280 839 329 Graecorum,
870 278 1052 329 ultimae,
1081 278 1253 330 mediae,
1285 279 1444 318 citimae
1475 281 1686 320 vetustatis

250 349 569 399 lucubrationes,
599 348 662 389 vel
691 349 1036 390 aVenetiensibus
1066 349 1155 388 Aldi
1187 349 1306 403 typis,
1341 350 1405 389 vel
1433 365 1454 389 a
1484 350 1685 391 Basileen-

245 422 351 461 sibus
381 421 598 469 Frobenii,
638 421 700 460 vel
730 420 780 460 ab
823 420 907 459 aliis
949 420 1045 459 alibi
1077 420 1209 460 lucem
1239 421 1493 474 acceperint;
1524 428 1565 462 et
1592 436 1687 462 cum

243 492 363 532 multi
393 492 605 532 extiterint
624 498 801 547 utraque
831 491 946 532 docti
978 492 1114 545 lingua
1146 491 1328 532 homines
1358 492 1429 546 qui
1444 493 1587 533 Latine
1618 494 1683 532 in-

242 563 531 617 terpretandos
574 578 596 603 e
633 564 794 603 Graeco
840 563 965 603 libros
1012 563 1223 603 ambitiose
1265 565 1571 617 conquirerent,
1603 579 1683 604 una

246 635 590 675 ferme'omnium
619 637 757 674 Annae
789 634 942 674 Alexias
971 634 1050 674 fuit
1076 649 1198 688 quam
1225 648 1295 674 sua
1322 635 1520 691 quaedam
1549 635 1685 675 incre-

243 707 375 747 dibilis
407 706 615 746 infelicitas
649 706 926 759 prohibuerit,
959 720 1009 746 ne
1039 706 1080 744 in
1112 706 1236 745 ullum
1267 716 1460 760 umquam
1478 707 1683 747 Graecum

239 777 574 833 Typograpbum,
611 778 652 817 in
669 778 861 818 Latinum
875 778 1147 830 Interpretem
1174 777 1301 816 ullum
1331 777 1546 820 incideret.
1578 778 1682 817 Nam

241 849 631 889 Hoeschclianorum
665 854 954 902 excerptorum
985 848 1264 902 Augustanam
1295 848 1548 888 emissionem
1577 849 1687 911 illam

243 935 363 960 nemo
396 935 547 974 aequus
577 921 727 974 opinor
756 921 880 974 magis
898 919 1181 974 gratulandam
1198 919 1445 960 Caesarissae
1474 920 1683 973 putaverit

241 1007 364 1046 quam
392 1006 619 1045 puerperae
657 993 851 1032 aborsum
882 1006 1021 1045 passae
1051 991 1249 1031 infelicem
1277 991 1517 1032 eiectionem
1547 992 1678 1032 foetus

238 1071 469 1104 monstrose
498 1064 632 1103 mutili
666 1070 706 1103 et
735 1063 902 1103 mortui.
957 1064 1057 1103 Fuit
1078 1070 1215 1103 tamen
1242 1077 1335 1103 cum
1364 1065 1574 1118 respexisse
1592 1066 1679 1104 An-

238 1150 330 1174 nam
361 1136 508 1175 melior
547 1136 716 1175 fortuna
760 1135 839 1174 visa
879 1141 949 1174 est.
1018 1126 1187 1175 Iacobus
1228 1135 1411 1175 Cuiacius
1453 1135 1519 1175 vir
1558 1136 1680 1189 longe

239 1207 422 1246 omnium
452 1206 644 1260 ingenio,
675 1207 778 1246 Iuris
817 1206 1005 1256 scientia,
1038 1206 1289 1259 Linguarum
1327 1207 1474 1246 notitia
1505 1206 1677 1246 clarissi-

237 1293 349 1328 mus,
390 1277 585 1318 Alexiadis
620 1277 803 1318 codicem
835 1286 998 1327 nactus,
1026 1278 1149 1331 legit,
1178 1279 1376 1331 suspexit,
1409 1278 1674 1332 praedicavit.

189 1358 198 1371 ⁸
238 1350 440 1403 Denique,
477 1364 559 1403 quo
595 1349 863 1399 nihilAnnae,
894 1349 991 1388 nihil
1023 1350 1081 1389 rei
1106 1349 1330 1390 litterariae
1361 1350 1572 1390 consulere
1600 1364 1678 1404 op-

234 1422 451 1475 portunius
472 1423 623 1474 potuit,
656 1421 746 1460 viro
767 1421 874 1460 illam
896 1420 1150 1459 ornatissimo
1171 1421 1530 1475 eruditissimoque
1561 1436 1678 1461 com-

232 1493 441 1533 mendavit
469 1493 595 1532 Petro
625 1492 775 1543 Fabro,
809 1507 831 1531 a
863 1507 946 1546 quo
973 1492 1194 1532 editionem
1225 1507 1316 1532 cum
1333 1493 1674 1546 interpretatione

232 1564 376 1603 Latina
418 1565 679 1603 coniunctam
723 1577 885 1617 sperare
913 1566 1037 1617 ipsam
1068 1571 1296 1617 oporteret.
1353 1566 1406 1604 At
1437 1579 1462 1604 o
1492 1565 1676 1604 fallacem
1724 1611 1726 1613 ¹

235 1635 525 1675 reconciliatae
565 1649 658 1675 cum
700 1641 811 1675 sorte
852 1634 1018 1675 adversa
1056 1636 1212 1688 gratiae
1242 1635 1388 1675 fidem!
1459 1635 1675 1675 recruduit
1726 1673 1729 1682 ‚

232 1707 351 1746 brevi
383 1707 568 1746 atrocior
595 1721 719 1760 quarn
758 1714 876 1747 antea
923 1708 1100 1746 fatorum
1142 1708 1182 1746 in
1212 1709 1367 1746 Annam
1396 1707 1538 1761 rigor:
1570 1721 1677 1746 nun-
1723 1735 1731 1759 ,γ

236 1792 443 1832 quamque
471 1777 771 1831 desperavimus
791 1778 840 1817 de
862 1779 1083 1818 illaiustius
1114 1793 1236 1832 quam
1257 1779 1324 1818 ubi
1353 1779 1538 1832 proxime
1565 1788 1677 1831 spem
1722 1765 1730 1815 s

237 1844 489 1889 veneramus.
547 1850 818 1889 Subtrahitur
858 1850 977 1890 rebus
1026 1850 1209 1889 humanis
1255 1865 1300 1890 re
1344 1850 1492 1890 infecta
1529 1850 1674 1889 Faber.
1720 1865 1733 1905 ζῇ

235 1921 454 1974 Exemplar
485 1921 650 1959 unicum
683 1922 877 1961 Alexiadis
908 1936 952 1962 ex
985 1922 1067 1961 eius
1095 1922 1251 1961 scriniis
1281 1923 1385 1961 clam
1413 1935 1599 1960 aversum
1632 1922 1674 1961 in
1720 1906 1728 1919 ι

238 1993 372 2032 nescio
403 1992 515 2046 quod
533 1992 774 2032 barathrum
796 2008 946 2047 quasve
980 1993 1164 2032 latumias
1193 1994 1456 2032 contruditur
1487 1994 1676 2033 inexora-
1718 2002 1720 2050 ζ

234 2064 324 2103 bilis
364 2064 594 2103 custodiae:
643 2065 716 2103 nisi
759 2066 897 2118 potius
937 2066 1061 2120 (quod
1102 2065 1375 2104 verisimiliter
1418 2066 1483 2104 alii
1516 2068 1675 2116 rentur)
1712 2055 1719 2078 ³

235 2149 328 2174 casu
361 2135 539 2189 quodam
565 2135 711 2175 infesto
733 2138 994 2190 absumptum
1025 2143 1082 2176 est
1110 2136 1309 2176 funditus.
1344 2137 1420 2175 Hic
1450 2143 1517 2175 tua
1548 2150 1676 2190 quae.-
1712 2142 1716 2190 f

236 2207 342 2256 dam,
370 2208 452 2246 Vm
478 2209 738 2260 Ampmssmn,
770 2223 908 2247 rerum
937 2209 1022 2247 fato
1042 2206 1260 2261 prudentia
1288 2210 1420 2247 maior
1444 2214 1485 2247 et
1511 2209 1552 2246 in
1586 2222 1675 2247 rem

236 2279 481 2318 litterariam
521 2278 638 2317 nullis
675 2278 922 2319 deterrenda
957 2278 1272 2329 difficultatibus,
1302 2279 1420 2318 nullis
1448 2278 1676 2318 coercenda
1718 2283 1719 2286 ’

237 2349 382 2389 finibus
411 2349 659 2403 benignitas,
694 2349 807 2389 velut
847 2365 869 2390 e
905 2349 1091 2390 machina
1117 2351 1250 2399 Deus,
1288 2350 1429 2391 adfuit.
1496 2350 1674 2401 capessis

235 2420 341 2459 hane
385 2435 555 2470 curam,
595 2420 761 2460 adhibes
803 2422 1004 2472 animum,
1047 2421 1211 2460 lustrari
1250 2420 1521 2460 Bibliothecas
1552 2421 1676 2469 iubes,
1714 2414 1715 2418 ¹

239 2506 389 2540 versas,
422 2492 606 2546 inquiris,
639 2507 717 2545 qua
747 2492 854 2532 vales
881 2500 1059 2546 propter
1088 2507 1281 2531 summam
1311 2494 1572 2530 autoritatem
1601 2504 1682 2544 po-

236 2569 382 2602 testate
400 2563 532 2616 longe,
565 2577 711 2616 prope,
741 2565 780 2602 in
817 2569 1010 2613 nostrate,
1042 2565 1082 2602 in
1112 2569 1250 2603 extero
1281 2565 1379 2614 solo,
1410 2563 1576 2612 moliris,
1609 2563 1674 2600 in-

237 2632 380 2686 dagas,
410 2636 568 2694 retegiS,
599 2636 742 2688 satagis
773 2635 964 2688 plurima.
1025 2636 1247 2690 Postquam
1275 2635 1367 2675 satis
1398 2633 1581 2675 constitit
1611 2633 1675 2671 ni-
