1754 3086
222 133 328 172 xxu
656 130 911 172 LUDOVlCl
949 131 1208 172 SCHOPENI

225 224 454 269 Omnium
488 223 720 270 librorum
754 223 888 270 initia
922 233 968 270 et
996 223 1114 270 fines
1148 241 1256 270 cum
1292 221 1504 270 editione
1537 241 1656 272 con-

224 306 435 351 veniunt.
512 305 565 350 ln
605 322 704 351 uno
751 322 805 351 ex
853 306 976 352 soliis
1024 306 1266 368 praefixis,
1312 306 1473 352 nescio
1525 307 1658 353 cuius

225 403 384 446 manu>
420 395 534 432 nota
557 396 773 449 perarata
799 396 867 432 est
895 387 1154 433 eiusmodi:
1187 386 1348 446 “Quae
1372 387 1453 434 hic
1487 386 1659 434 desunt

225 470 273 513 in
309 470 529 530 proximo
562 469 712 528 libro,
753 468 861 515 vide
905 470 956 515 in
992 469 1222 531 impresso
1267 469 1354 514 sub
1397 486 1476 515 no.
1513 471 1657 515 6152.

226 550 472 596 Caeterum
507 550 559 596 in
594 550 824 613 impresso
859 551 1065 613 plurima
1099 550 1287 612 desunt,
1319 567 1441 614 quae
1477 567 1532 596 ex
1563 551 1660 598 hoc

225 640 375 677 mscto
423 631 689 694 supplenda
734 631 882 678 sunt.'’
960 631 1055 679 Sed
1104 633 1199 678 hoc
1244 633 1293 678 in
1337 632 1550 679 fraudem
1599 649 1660 679 ne

223 714 372 758 ullum
421 713 629 759 inducat.
707 714 824 761 Nam
866 714 1141 777 intelligitur
1200 713 1348 760 editio
1393 714 1660 760 Hoeschelii

226 793 493 840 admodum
522 796 760 841 lacunosa.
784 796 926 858 Regia
960 804 1117 840 autem
1150 795 1324 855 editio,
1356 803 1540 841 tantum
1574 795 1661 841 ab-

225 885 310 936 est9
343 884 398 922 ut
432 892 487 920 ex
516 876 612 922 hoc
644 875 811 922 codice
846 877 1075 939 compleri
1100 876 1266 939 possit,
1294 885 1348 922 ut
1382 876 1484 939 ipse
1517 876 1660 922 innu-

226 957 369 1002 meris
401 958 518 1004 locis
550 974 605 1003 ex
639 958 727 1003 ista
763 966 809 1004 et
839 957 1132 1020 supplendus
1161 958 1221 1004 sit
1255 967 1301 1004 et
1335 956 1659 1021 corrigendus.
1702 1000 1704 1003 .

192 1074 194 1076 ψ
225 1039 412 1085 Etenim
454 1055 577 1101 quae
614 1040 811 1085 lacunae
858 1047 967 1084 sunt
1006 1039 1056 1084 in
1092 1039 1166 1084 ed.
1207 1040 1317 1103 Reg.
1353 1040 1435 1086 lib.
1468 1039 1577 1085 XIV.
1611 1055 1660 1102 p.

226 1117 338 1166 421.
367 1120 424 1165 D.
473 1120 556 1165 lib.
575 1119 667 1166 XV.
711 1116 887 1183 p,464,
907 1120 957 1164 B.
1009 1137 1057 1182 p.
1077 1116 1189 1166 470.
1218 1121 1263 1167 Β.
1312 1137 1360 1183 p.
1379 1118 1492 1166 471.
1511 1122 1562 1166 B.
1612 1138 1660 1184 p.

227 1201 405 1249 [199.Α.
444 1211 491 1248 et
522 1203 635 1248 totis
669 1203 852 1265 paginis
884 1203 1187 1263 500—507.,
1229 1202 1345 1249 item
1378 1219 1460 1250 eae
1494 1204 1545 1250 in
1579 1219 1663 1250 co·-

227 1285 333 1330 dice
368 1284 673 1330 inveniuntur
714 1283 794 1329 sol.
831 1285 941 1329 325.
987 1292 1147 1344 recto,
1189 1285 1300 1330 356.
1342 1293 1498 1346 recto,
1549 1287 1661 1332 360.

228 1382 382 1426 verso,
417 1368 525 1412 361.
561 1374 692 1412 recto
704 1401 720 1426 ,
754 1366 863 1411 385.
896 1372 1026 1410 recto
1037 1400 1052 1426 ,
1085 1366 1195 1412 386.
1230 1374 1386 1427 recto,
1420 1367 1666 1430 sequenti-

228 1450 416 1511 busque
446 1448 587 1508 soliis,
623 1431 669 1493 et
702 1448 948 1508 nonnulla,
984 1464 1106 1511 quae
1134 1448 1316 1513 integra
1345 1457 1455 1495 sunt
1483 1449 1532 1494 in
1561 1447 1664 1494 edi-

227 1531 378 1591 tione,
410 1531 462 1575 in
497 1529 664 1576 codice
706 1538 815 1575 sunt
853 1546 1050 1590 manca,
1088 1531 1374 1593 punctisque
1418 1531 1468 1577 in
1509 1531 1666 1577 vacuis

230 1612 392 1674 spatiis
428 1619 605 1657 notata.
685 1611 931 1657 Eiusmodi
971 1611 1102 1657 locos
1139 1612 1423 1658 offendimus
1457 1612 1523 1657 lib
1572 1612 1663 1659 vll.
1726 1652 1729 1666 J

230 1694 309 1740 sol.
345 1694 449 1739 119.
488 1709 641 1753 verso,
673 1693 885 1739 lib.VIII.
921 1690 1130 1738 fol.147.
1166 1710 1318 1755 verso,
1347 1694 1429 1739 lib.
1456 1693 1547 1739 XV.
1585 1693 1663 1739 sol.

229 1774 340 1823 354.
360 1793 513 1837 verso,
532 1776 658 1821 alibi.
728 1776 781 1821 In
815 1776 1027 1838 margine
1057 1776 1287 1826 scholiola
1319 1777 1554 1839 leguntur,
1587 1793 1666 1822 ru·

227 1858 409 1903 bricata
442 1859 740 1920 plerumque.
770 1858 882 1903 Fol.
913 1858 1019 1904 109.
1068 1874 1234 1918 verso,
1282 1858 1368 1903 ubi
1401 1856 1667 1904 Alcibiades

229 1938 593 1984 Atheniensium
646 1956 808 1984 muros
855 1948 1021 1985 contra
1054 1939 1543 1985 Lacedaemoniorum
1578 1955 1666 1985 vo·
1716 1985 1721 1999 ,Α

228 2022 458 2067 luntatem
507 2022 789 2066 instaurasse
823 2022 1044 2082 scribitur
1083 2021 1191 2075 (lib.
1215 2021 1306 2066 VII.
1351 2038 1398 2083 p.
1425 2018 1530 2066 174.
1559 2021 1667 2081 1).),
1717 2039 1720 2056 2

229 2102 508 2148 adnotatur:
543 2101 630 2147 τόν
665 2098 868 2164 ἄριστον
905 2101 1190 2165 στρατηγόν,
1224 2101 1541 2161 Θεμιστοκλῆ,
1573 2110 1667 2166 φη-
1711 2153 1714 2156 ⁴

230 2200 308 2229 σιν
342 2185 367 2228 ὁ
401 2179 694 2238 Θουκυδίδης
726 2183 874 2229 τοῦτο
909 2183 1223 2236 πεποιηκέναι.
1256 2185 1349 2230 Fol.
1375 2188 1482 2231 122.
1518 2193 1667 2244 recto,
1711 2219 1713 2223 ⁴

229 2265 290 2311 de
325 2266 547 2311 Danubio
585 2267 692 2321 (lib.
724 2267 815 2312 VII.
846 2283 893 2329 p.
917 2267 1022 2313 192.
1050 2266 1117 2320 Β.)
1145 2261 1336 2327 Ἴστρος
1371 2267 1397 2310 ὁ
1433 2263 1667 2326 ποταμός,
1712 2286 1713 2290 ’

229 2348 256 2391 ὁ
291 2345 401 2409 παρ’
435 2346 668 2411 Ἑβραίοις
701 2346 869 2398 <buoch
921 2349 1054 2408 (sic),
1097 2346 1228 2410 παρά
1265 2343 1316 2393 δὲ
1347 2344 1514 2399 Ἰνδοῖς
1543 2346 1667 2407 Γάγ-
1711 2398 1714 2408 5

226 2446 324 2489 γης,
356 2428 489 2494 παρά
524 2427 756 2487 Αῑὲίοψιν
806 2426 976 2484 Ἰνδός,
1018 2427 1130 2490 παρ’
1156 2425 1360 2481 Ἕλλησι
1393 2424 1445 2473 δὲ
1476 2426 1667 2473 Δανού-

226 2510 341 2571 βιος.
410 2512 505 2557 Fol.
535 2515 640 2556 151.
670 2528 836 2572 verso,
866 2511 927 2557 de
963 2512 1243 2574 Scytharum
1278 2511 1522 2556 invasione
1558 2509 1663 2565 (lib.

227 2591 337 2637 VIII.
375 2610 422 2655 p.
446 2596 556 2639 225.
579 2592 675 2655 (3.),
706 2611 828 2657 quos
873 2594 1032 2656 paullo
1070 2602 1177 2638 ante
1229 2594 1286 2638 ab
1322 2591 1483 2638 Alexio
1516 2592 1666 2638 victos
1706 2642 1708 2644 v

230 2672 364 2720 Anna
398 2675 679 2737 scripserat,
724 2672 843 2722 ποία
882 2670 966 2721 οὖν
1010 2675 1036 2726 ἡ
1066 2677 1155 2719 τοῦ
1195 2673 1428 2737 βασιλέως
1470 2667 1595 2730 νίκη,
1629 2667 1664 2716 ⁶3
