1754 3086
630 119 946 160 PRAEFATlO.
1364 122 1507 164 XLVII

9 212 47 283 '3331-
73 238 182 276 vere,
208 222 503 296 exploratisque
541 235 645 276 quae
683 220 793 261 circa
825 236 895 262 nos
937 229 1080 274 erant,
1110 223 1391 278 frequentibus
1418 224 1506 265 illos

16 286 33 336 J}
72 297 215 332 contra
244 303 316 329 nos
349 288 503 328 nunciis
545 287 738 328 animare.
795 288 872 327 Hic
902 294 962 328 est
999 289 1204 343 inquiunt,
1232 290 1411 344 perfidus
1439 291 1507 331 ille

72 357 243 406 Alexius,
270 355 339 410 qui
369 353 536 395 domino
565 367 637 393 suo
652 352 899 407 ΝἰοεΡΙιοιο,
930 368 1009 408 per
1030 356 1292 408 quorundam
1314 356 1504 396 Alaman-

71 437 220 464 norum
238 420 590 461 conductitiorum
619 420 811 460 auxilium
830 420 1013 474 depulso,
1033 421 1252 475 Imperium
1279 423 1362 463 eius
1382 439 1503 464 usur.

28 478 199 544 ‘ff2pavit‚
231 489 415 542 ipsosque
445 487 506 527 sui
535 485 694 526 sceleris
714 493 1018 540 cooperatores,
1048 487 1165 527 exilio
1194 488 1405 531 damnatos
1436 504 1504 531 ne-

35 549 152 597 Icari
183 555 299 595 fecit:
329 567 516 607 nuncque
543 567 584 593 se
612 552 716 592 tanti
746 552 845 592 dixit
873 553 1008 594 facere
1040 554 1218 594 Francos
1247 569 1338 595 cum
1357 557 1503 598 Turcis

23 605 319 677 '*··praeliantes,
348 621 491 675 quanti
522 633 638 659 canes
666 633 707 659 se
729 618 903 659 invicem
931 618 1176 661 mordentes.
1234 621 1336 661 Cum
1366 630 1504 664 autem

59 689 227 743 navigia
253 687 468 742 quisquam
496 686 729 726 conducere
758 691 951 737 tentaret,
981 685 1135 726 audivit
1163 687 1374 729 Caesarem
1404 691 1502 730 insi-

65 754 157 795 dias-
198 752 424 808 peregrinis
465 752 587 792 etiam
633 751 674 791 in
701 751 804 790 mari
832 752 1028 805 posuisse,
1074 754 1303 809 multasque
1346 754 1501 796 dudum

66 821 211 862 eodem
242 820 423 859 facinore
447 833 565 859 naves
595 832 688 859 eum
716 819 990 859 submersisse.
1064 820 1335 874 Quapropter
1364 837 1501 863 omnes

64 900 159 929 eum
185 885 481 926 maledicebant
514 891 557 926 et
595 884 1002 936 anathematizabant,
1031 900 1169 927 omnes
1199 887 1312 927 illum
1341 888 1500 943 linguae

64 966 148 994 non
178 954 506 1007 Imperatorem,
538 951 608 991 sed
637 951 882 991 traditorem
911 952 1179 1006 appellabant.
1234 955 1350 994 Anno
1383 954 1500 997 1106.

52 1019 220 1061 *invidus
256 1025 297 1060 et
323 1019 503 1059 occultus
533 1026 699 1058 eatenus
728 1018 930 1058 Ecclesiae
957 1025 1201 1072 persecutor
1227 1022 1397 1072 Alexius,
1429 1023 1499 1063 diu

62 1092 210 1129 tectam
227 1101 321 1126 suae
338 1085 532 1138 perfidiae
562 1085 783 1125 toxicatam
804 1085 959 1125 rabiem
980 1086 1191 1139 evaginat:
1219 1087 1374 1139 Turcis,
1404 1089 1499 1143 qui-

61 1153 138 1195 bus
166 1153 246 1193 iam
278 1152 386 1192 nulla
416 1151 480 1191 vel
509 1165 603 1191 rara
636 1152 675 1190 in
691 1151 865 1191 Oriente
893 1152 1092 1206 regnandi
1118 1166 1206 1206 spes
1237 1161 1499 1205 remanserat,

62 1234 104 1260 se
119 1219 315 1260 tutissime
333 1218 536 1268 conciliat,
551 1224 594 1258 et
611 1231 635 1257 o
658 1219 936 1272 turpissimum
954 1219 1129 1259 facinus!
1161 1222 1359 1270 Nicaeam,
1377 1237 1498 1276 quam

61 1285 160 1325 olim
202 1285 296 1326 fidei
329 1292 493 1325 nostrae
534 1285 698 1335 turrim,
740 1285 978 1339 dudumque
1006 1285 1137 1325 multo
1172 1287 1498 1328 Christianorum

60 1354 254 1406 sanguine
286 1358 561 1405 comparatam
588 1351 929 1405 praescripsimus,
959 1351 1181 1392 Solimanni
1214 1355 1378 1408 tyranni
1408 1356 1498 1394 siliis

58 1419 264 1460 reddidit:
293 1417 495 1458 custodias
514 1417 563 1457 ad
585 1416 891 1471 prohibendum
907 1420 1123 1458 transitum
1140 1420 1365 1473 peregrinis
1388 1427 1498 1460 terra

58 1486 246 1540 marique
271 1484 495 1524 constituit.
525 1483 648 1523 Cuius
675 1483 815 1523 classes
842 1490 987 1524 contra
1010 1485 1284 1526 Antioclienos
1312 1486 1500 1538 directas,

58 1552 134 1605 ipsi
164 1552 271 1592 bello
291 1556 505 1605 ceperunt,
528 1549 627 1590 etin
651 1550 927 1590 confusionem
942 1550 1095 1601 Alexii,
1126 1552 1227 1592 nasis
1256 1558 1379 1607 atque
1409 1554 1501 1607 pol-

58 1617 203 1659 licibus
235 1618 422 1658 omnibus
453 1617 653 1666 abscissis,
682 1631 803 1656 unam
853 1617 903 1657 de
950 1616 1106 1671 scaphis
1151 1617 1242 1658 inde
1271 1626 1500 1674 onerantes,

61 1684 291 1725 huiusmodi
319 1684 575 1738 pulmentum
602 1682 731 1722 eidem
761 1697 833 1724 reo
866 1683 1094 1723 multorum
1120 1684 1291 1723 millium
1324 1684 1500 1726 homici-

59 1749 146 1801 dae,
176 1741 497 1791 transmiseruntl
566 1751 838 1789 Amemus
882 1750 1187 1790 Srsnnusxs
1226 1752 1370 1792 eadem
1400 1755 1500 1805 jere

57 1816 120 1857 ad
143 1817 303 1856 verbum
327 1817 462 1856 habet.
520 1816 673 1856 Οττο
703 1816 1092 1856 Fmsmcznms
1123 1817 1383 1858 eunome.
1419 1820 1497 1862 [ΑΒ.

46 1881 147 1938 2v11.
184 1883 276 1923 CAP.
306 1884 358 1923 X.
388 1882 544 1922 Alexius
575 1883 806 1935 Imperator
834 1881 1136 1936 perfidissimus,
1167 1883 1318 1924 iamdiu
1347 1899 1499 1925 conce-

57 1953 171 2003 ptam
200 1947 324 1989 corde
352 1949 543 1988 malitiam
574 1949 709 1988 celare
739 1949 905 2002 amplius
937 1963 1019 1988 non
1051 1950 1199 2001 valens,
1229 1965 1321 1991 cum
1338 1952 1496 2003 Tamis,

56 2015 129 2070 qui
162 2015 241 2054 iam
268 2028 401 2070 paene
429 2014 631 2068 desperati
662 2020 793 2064 erant,
816 2015 1044 2067 turpissime
1075 2016 1329 2068 foederatur,
1361 2019 1498 2072 eisque

56 2080 262 2132 Nicaeam,
289 2080 418 2121 multo
461 2087 699 2121 nostrorum
739 2081 932 2135 sanguine
971 2082 1235 2136 acquisitam,
1264 2083 1498 2137 impiissime

57 2146 243 2189 tradidit.

163 2215 467 2254 Gorrainus
494 2213 870 2254 ereaaisnsis
903 2213 1159 2256 Cnaomc.
1190 2218 1355 2257 nara
1383 2231 1495 2257 xvm.

54 2278 456 2333 Constantinopolim
483 2287 785 2334 pervenerunt,
823 2281 892 2320 ubi
920 2280 1095 2322 multum
1126 2282 1266 2323 dolum
1298 2289 1339 2323 et
1367 2283 1495 2337 impe-

57 2342 283 2386 dimentum
319 2360 341 2384 a
386 2346 494 2400 Rege
523 2346 661 2386 Alexio
691 2347 883 2400 perpessi.
953 2348 1071 2389 Tunc
1098 2348 1258 2389 Alexius
1290 2363 1357 2390 rex
1384 2350 1494 2389 Con-

56 2410 456 2465 stantinopolitanus,
491 2412 742 2453 Christianae
771 2413 1055 2466 prosperitatis
1081 2414 1351 2466 adversarius,
1384 2416 1495 2454 Tur-

55 2489 124 2516 cos
155 2477 196 2516 in
223 2476 543 2532 desperationem
572 2480 652 2518 iam
674 2479 840 2533 positos,
873 2480 912 2519 in
942 2481 1159 2521 amicitiam
1186 2495 1299 2521 suam
1322 2481 1494 2521 confoe-

54 2540 230 2592 deravit,
259 2544 395 2599 eisque
412 2546 564 2586 turrim
584 2546 784 2596 Nicaeam,
809 2545 1139 2588 Christianorum
1167 2548 1361 2601 sanguine
1390 2560 1492 2587 con..

0 2630 1 2635 =
55 2609 275 2664 quisitam,
305 2613 516 2652 concessit.
573 2613 902 2653 Mar-rnaeus
932 2613 1094 2654 Panis
1134 2628 1189 2653 iu
1234 2626 1493 2654 atsroaia

53 2688 249 2716 usioni
282 2690 414 2716 Anno
448 2692 583 2717 mxcvi.
614 2679 775 2719 Alexius
804 2685 938 2719 autem
967 2680 1194 2733 Imperator
1224 2679 1491 2731 Graecorum,
