1754 3086
230 105 354 144 XXIV
663 104 917 148 LUDOVlCl
961 104 1222 148 SCHOPENI

229 209 397 254 novius
414 224 522 253 usus
541 217 625 269 cst,
646 212 981 273 cognationem
998 212 1176 258 habere
1197 211 1468 272 maximam,
1487 226 1658 274 quam-

226 289 294 333 vis
326 305 484 334 rursus
526 306 627 335 non
661 289 841 352 desint,
877 310 1000 356 quac
1042 294 1288 356 utriusque
1321 292 1430 339 libri
1463 291 1660 339 diversi-

229 377 375 415 tatem
410 381 617 434 arguant.

354 454 453 496 Iam
498 451 558 498 de
606 455 831 515 consilio,
878 455 1013 517 quod
1064 457 1115 502 in
1154 452 1437 500 adornando
1471 453 1658 500 Alexia-

227 534 300 579 dis
328 542 457 579 textu
480 544 666 581 secutus
700 552 821 597 sum,
854 553 1002 599 pauca
1036 536 1207 583 dicam.
1275 537 1329 582 In
1359 553 1457 600 quo
1487 553 1659 599 genere

224 616 351 661 hanc
386 614 506 661 mihi
550 616 703 679 legem
753 619 1007 678 constitui,
1039 627 1092 664 ut
1123 619 1266 664 verba
1296 617 1357 664 ad
1390 618 1539 662 solam
1577 633 1660 663 co-

224 697 386 743 dicum
443 697 772 743 auctoritatem
823 698 1096 744 exhiberem
1116 733 1130 758 ,
1190 714 1349 760 neque
1391 714 1593 760 usquam
1632 713 1660 743 a

223 778 480 840 scriptura,
516 778 667 840 qualis
700 779 750 824 in
789 778 1000 825 editione
1035 780 1246 825 Parisina
1281 787 1429 839 extat,
1462 777 1659 824 recede-

222 875 352 919 rem,
394 860 484 905 nisi
519 862 723 908 aliorum
773 863 1007 908 librorum
1056 863 1196 908 lectio
1242 862 1315 908 vel
1347 861 1416 907 rei
1449 854 1660 921 veritati,

223 942 297 987 ‘vel
331 943 573 1005 analogiae
607 944 958 1005 grammaticae,
993 943 1066 989 vel
1100 943 1310 1006 denique
1346 942 1528 990 Annaei
1560 958 1659 988 ser-

220 1023 380 1068 monis
417 1023 750 1069 consuetudini
774 1024 1126 1086 elegantiacque
1161 1024 1309 1087 magis
1338 1032 1659 1070 consentanea

223 1103 477 1151 videretur.
548 1107 636 1152 Ubi
674 1123 785 1169 yero
820 1107 930 1152 libri
965 1107 1028 1152 ob
1061 1105 1411 1169 depravationis
1443 1122 1659 1152 commu-

225 1186 421 1232 nionem
468 1204 546 1233 me
590 1187 927 1250 destituerent,
971 1206 996 1235 a
1031 1188 1334 1235 coniectandi
1377 1197 1502 1250 arte,
1536 1204 1659 1251 quae

227 1268 450 1314 codicum
492 1269 677 1315 vicaria>
720 1279 813 1330 est,
863 1271 1086 1316 auxilium
1135 1271 1267 1333 petii.
1352 1269 1658 1332 Quamquam

229 1350 464 1396 eiusmodi
499 1352 549 1397 in
583 1352 699 1398 locis
732 1352 897 1399 sedulo
933 1353 1062 1413 cavi,
1095 1368 1179 1412 ne,
1212 1351 1372 1414 siquid
1407 1352 1596 1414 ingenio
1631 1368 1660 1398 a

227 1448 306 1477 me
339 1442 582 1494 repertum
617 1443 764 1495 esset,
806 1435 857 1480 in
903 1434 1122 1481 ordinem
1165 1443 1346 1479 temere
1378 1434 1656 1495 reciperem.
1693 1461 1697 1471 .

227 1513 477 1559 Praeterea
502 1514 957 1578 interpunctionem,
991 1531 1134 1577 quam
1155 1515 1377 1560 Possinus
1398 1529 1453 1558 ex
1490 1512 1657 1559 codice

226 1610 312 1639 suo
347 1596 750 1657 perversissimam
773 1597 1045 1659 reliquerat,
1079 1595 1254 1657 passim
1276 1595 1471 1655 mutavi,
1506 1610 1657 1658 eaque

224 1676 324 1721 sola
358 1693 409 1722 re
458 1677 591 1722 effeci
637 1688 1011 1741 nonnunquam,
1055 1685 1108 1722 ut
1138 1676 1259 1736 loci,
1300 1674 1362 1720 ad
1391 1674 1658 1737 intelligen-

227 1755 343 1801 dum
387 1767 524 1804 antea
570 1759 819 1821 impediti,
866 1760 1020 1804 lucem
1077 1757 1457 1805 nanciscerentur
1508 1771 1655 1801 suam.

227 1836 427 1884 Codices
470 1840 638 1884 litteris
691 1841 786 1886 suis
827 1841 1086 1886 initialibus
1138 1838 1342 1885 distinxi.
1419 1838 1561 1902 Igitur
1603 1838 1654 1883 P.

226 1918 458 1979 significat
491 1920 709 1966 codicem
741 1922 926 1968 Possini
959 1922 1053 1966 sive
1083 1919 1344 1966 editionem
1381 1919 1658 1980 Parisinam,

224 1999 271 2043 F.
308 2000 656 2063 Florentinum,
691 2001 739 2047 C.
778 2002 1144 2061 Coislinianum,
1192 2000 1244 2046 G.
1282 2000 1658 2060 Gronovianum,

223 2079 277 2124 A.
319 2079 636 2144 Augustanam
682 2084 960 2146 Epitomen,
1013 2083 1061 2129 E.
1105 2083 1346 2144 Epitomas
1400 2082 1656 2143 Gronovii,

225 2161 294 2205 Fr.
331 2161 662 2224 Fragmentum
709 2164 887 2210 codicis
932 2163 1145 2210 Parisini.
1214 2163 1376 2208 Sicubi
1421 2163 1472 2208 in
1507 2179 1656 2226 appa-

221 2250 326 2287 ratu
360 2243 524 2288 critico
561 2245 702 2290 unius
745 2245 967 2290 editionis
1005 2244 1243 2290 Parisinae
1288 2240 1545 2289 lectionem
1569 2244 1654 2289 in-

222 2321 398 2383 dicavi,
442 2323 577 2386 quod
622 2325 874 2387 aliquoties
914 2325 1087 2370 sactum
1140 2324 1363 2384 memini,
1406 2323 1654 2370 sciendum

223 2413 306 2465 cst,
340 2413 491 2451 textus
526 2406 806 2468 scripturam
842 2407 1136 2469 reliquorum
1174 2404 1395 2450 codicum
1416 2404 1513 2451 fide
1547 2406 1650 2451 niti.

352 2487 602 2533 Volumiuc
636 2489 782 2533 altero
803 2485 1514 2533 exhibebunturAnnotationes
1548 2502 1651 2531 me-

220 2583 290 2625 ac,
327 2568 374 2612 in
410 2569 584 2630 quibus
619 2585 727 2615 cum
760 2569 893 2614 locos
923 2567 1213 2614 difficiliores
1246 2568 1317 2613 vel
1354 2567 1652 2613 obscuriores

217 2647 486 2710 illustrabo,
527 2660 629 2697 tum
678 2649 924 2710 lectionis,
967 2650 1062 2696 sive
1113 2665 1264 2694 novae
1315 2648 1410 2694 sive
1446 2648 1648 2694 intactae
