1754 3086
215 94 324 167 294
655 79 837 148 ANNAE
884 105 1175 150 eonmENAss

209 227 318 264 γοις,
349 208 443 258 ὀξὺς
476 209 553 258 μὲν
581 207 734 259 εἰπεῖν,
763 206 879 263 φωνή
927 207 965 248 δ’
991 208 1127 247 affro&
1152 205 1310 261 μεγάλη
1327 237 1339 257 ,
1372 204 1642 261 εὐπρόσιτος,

165 277 436 329 ὓεῦμεγέθης
464 270 509 313 τὸ
541 273 664 323 σῶμα
681 305 694 325 ,
726 272 963 327 σύμμετρον
998 271 1073 326 τήν
1102 269 1233 326 κόμην
1263 270 1371 325 ἔχων
1400 270 1468 313 a‘ei
1498 273 1550 328 τῇ
1575 287 1642 314 κε-

209 344 342 397 φαλῇ,
385 337 671 392 βαθυπώγων,
708 337 898 379 σπεύδων
926 334 994 379 da·
1026 336 1076 379 τὰ
1107 334 1185 392 ἔθη
1213 339 1287 379 τοῦ
1319 338 1471 379 οἰκείου
1498 339 1642 391 γένους

205 412 370 462 τηρεῖν,
414 403 460 445 τὸ
490 405 568 444 τοῦ
604 402 828 458 προσώπου
857 399 986 451 ἄνθος
1014 405 1086 443 καί
1112 405 1189 443 τοῦ
1217 398 1317 445 ὅλου
1350 403 1541 454 σώματος
1566 404 1642 455 μέ-

203 487 279 525 χρι
303 472 446 518 τέλους
474 466 634 522 σώζων,
661 471 734 510 καί
760 467 919 516 τούτοις
945 465 1276 522 ἑπιγαννόμενος,
1305 469 1359 509 δι’
1389 465 1497 523 ἅπερ
1527 463 1680 519 ἄξιονό

203 537 447 591 τυραννίδος
474 533 519 577 τὸ
550 531 660 583 εἶδος
688 534 820 575 αὐτοῦ
844 534 1076 586 ἐνομίζετο,
1107 531 1260 582 πάντας
1289 531 1385 583 τοὺς
1415 533 1483 575 ὑπ’
1509 533 1643 576 αὐτὸν

201 604 324 656 τιμῆς
352 601 479 652 ἀξιῶν
507 601 580 642 καί
605 601 789 647 πλείονος
815 601 971 651 μᾶλλον
997 596 1095 647 τούς
1113 599 1417 654 εὐνοϊκωτέρως
1440 597 1545 652 πρὸς
1566 595 1641 641 αὖ·

200 666 268 710 τὸν
302 667 627 719 διατιθεμένους.
683 664 986 721 φειδωλότατος
1013 665 1059 706 δὲ
1086 659 1138 718 ἦν
1167 665 1241 704 καί
1263 662 1646 721 φιλοχρυσώτατος,

69 741 105 775 P.
129 743 190 775 166
203 731 534 789 ε’,ιιπορικώτατος
560 732 633 772 καί
662 729 1056 785 φιλοκτεανώτατος,
1086 730 1158 771 καί
1184 730 1256 770 έπί
1282 729 1444 779 τούτοις
1471 730 1642 786 φιλοδο-

203 797 383 848 ξότατος·
452 794 526 852 ὑφ’
562 790 622 837 ὧν
672 793 838 836 πάντων
880 792 1138 849 ἡττώμενος,
1175 792 1331 849 πολλὴν
1365 793 1440 849 τήν
1481 796 1644 848 μέμψιν
1661 809 1711 837 ιο

202 863 363 906 πάντων
392 860 664 903 ἐπεσπάσατο.
720 860 936 911 κακίζουσι
970 862 1017 901 δέ
1044 875 1150 909 τινες
1176 859 1248 902 τόν
1275 859 1559 916 αι’τοκροὶτορα
1586 858 1644 909 ὥς

202 927 580 982 μικροψυχήσαντα
625 924 698 968 καὶ
724 923 796 967 τὸν
825 927 910 978 μετ’
935 925 1066 967 αὐτοῦ
1106 925 1284 978 πόλεμον
1307 925 1398 968 τότε
1427 927 1646 981 προαρπά-

202 1010 345 1035 σαντα.
402 994 441 1033 el
466 990 524 1047 μὴ
553 990 634 1046 γὰρ
665 989 744 1045 πρὸ
791 992 868 1031 τοῦ
897 990 1174 1045 προσήκοντος
1202 994 1355 1046 καιροῦ
1381 993 1524 1033 τοῦτον
1550 991 1646 1032 dvc.

202 1056 401 1113 ζὴτησεν,
431 1053 488 1104 ὥς
517 1072 660 1112 φασιν,
689 1051 824 1104 ἄλλως
851 1050 904 1097 ἂν
931 1055 1087 1113 ῥαδίως
1113 1055 1363 1110 κατίσχυσεν
1391 1058 1524 1098 αὐτοῦ
1541 1059 1646 1110 βαλ-

200 1125 374 1176 λομένου
413 1119 707 1175 ἁπανταχόθεν
746 1118 861 1176 παρά
890 1137 934 1163 τε
969 1123 1050 1164 τῶν
1092 1124 1356 1175 καλουμένων
1388 1122 1646 1177 Ἀρβανιτῶν
1663 1122 1710 1165 15

200 1187 315 1242 παρά
330 1203 374 1229 τε
402 1190 485 1229 τῶν
509 1186 592 1229 α’πὸ
620 1188 871 1239 Δαλματίας
896 1185 1012 1242 παρὰ
1043 1189 1117 1230 τοῦ
1141 1188 1324 1230 ,Βοδίνου
1351 1189 1641 1241 πεμπομένων.

201 1254 308 1295 ἀλλὰ
347 1256 523 1295 τοιαῦτα
551 1256 632 1307 μὲν
673 1251 711 1294 οἱ
749 1253 1020 1306 μωμοσκόποι
1056 1251 1135 1304 ἔξω
1162 1255 1296 1307 βελῶν
1336 1252 1551 1307 ἱστάμενοι
1574 1252 1648 1295 καί

200 1320 305 1361 κατὰ
331 1323 411 1361 τῶν
440 1320 753 1373 ἀγωνιζομένων
781 1318 958 1373 πικρούς
977 1320 1139 1368 οἰστοὺς
1161 1317 1232 1361 διὰ
1261 1317 1442 1375 γλώττης
1466 1321 1647 1372 πέμπον-

163 1400 281 1435 Βτες.
337 1384 383 1427 τὸ
413 1383 491 1440 γὰρ
522 1387 598 1426 τοῦ
621 1384 883 1440 Ῥομπέρτου
913 1385 1104 1438 ἀνδρεῖον
1132 1387 1205 1426 καί
1232 1388 1332 1440 περί
1356 1383 1407 1427 τοὶ
1442 1383 1645 1438 πολεμικὰ

201 1451 435 1505 περιδέξιον
462 1451 537 1492 καί
559 1448 606 1491 τὸ
634 1453 710 1492 τοῦ
739 1451 1004 1506 φρονήματος
1030 1449 1199 1505 ἑδραῖον
1227 1450 1376 1500 πάντες
1400 1449 1543 1494 ἴσασι·
1573 1449 1711 1495 nala«)

200 1514 282 1572 γάρ
312 1512 360 1557 οὗ
391 1517 475 1557 τῶν
504 1515 676 1573 ῥᾳδίως,
711 1514 818 1558 α’λλοὶ
851 1515 925 1558 καί
950 1518 1032 1558 τῶν
1055 1515 1148 1558 λίαν
1176 1514 1388 1567 δυσκόλως
1415 1511 1647 1571 καταγωνι-

294 1658 326 1681 2.
355 1646 668 1694 εὐμεγεθέστατος
693 1646 773 1689 CG,
806 1648 1008 1696 εὐμεγέθης
1037 1648 1101 1681 FP.
1265 1649 1298 1683 3.
1326 1649 1385 1684 ἀεὶ
1405 1649 1508 1694 :lege
1532 1647 1647 1697 οἷμφῖ.

293 1694 365 1737 ἤθη
392 1695 436 1729 G.
532 1696 565 1728 5.
589 1695 718 1742 διόπερ
747 1695 789 1728 G.
890 1698 923 1729 8.
949 1701 1032 1728 ante
1058 1695 1098 1730 δὲ
1120 1694 1201 1728 add.
1227 1696 1251 1728 P
1275 1707 1326 1738 τε,
1352 1707 1420 1728 om.
1433 1696 1476 1730 G.
1568 1698 1648 1742 lege

295 1742 625 1787 φιλοχρυσότατος.
762 1753 814 1774 ιι.
839 1741 1032 1778 ἐσπάσατο
1063 1742 1134 1776 CG.
1271 1745 1321 1788 ¹4·
1346 1743 1578 1789 κατὴσχυσεν
1601 1745 1646 1785 Ρ,

294 1793 392 1822 recte
419 1789 461 1822 G.
562 1791 614 1824 15.
638 1786 843 1836 ὀρβανιτῶν
868 1789 911 1822 G.
1029 1799 1085 1822 οι.
1109 1787 1183 1825 τῶν
1198 1787 1230 1836 ῥ.
1259 1789 1313 1831 G,
1336 1791 1402 1825 τοῦ
1424 1790 1461 1824 P.

201 1912 316 1945 banus
353 1911 391 1944 in
423 1922 606 1953 sermone,
642 1912 751 1945 citata
782 1923 893 1954 voce,
929 1913 992 1946 sed
1015 1913 1124 1958 plena
1160 1912 1283 1946 eadem
1307 1924 1348 1946 ac
1372 1924 1522 1957 magna,
1547 1912 1648 1945 aditu

203 1958 388 1998 facillimo,
411 1969 557 2002 procera
581 1960 737 2003 corporis
755 1959 878 2000 forma,
902 1960 1033 2004 capillo
1059 1961 1261 2004 aequaliter
1286 1960 1413 1992 circum
1434 1965 1539 2004 caput
1563 1970 1649 2003 pro·

206 2005 338 2045 misso,
376 2004 489 2036 barba
524 2005 656 2048 longa,
682 2006 870 2050 religiosus
907 2008 944 2039 in
971 2006 1153 2040 servandis
1182 2007 1318 2050 Patriae
1342 2006 1516 2048 moribu33
1545 2006 1650 2038 faciei

204 2057 314 2095 atque
340 2052 452 2083 totius
484 2053 643 2096 corporis
686 2053 792 2085 decor
815 2053 862 2085 ad
891 2053 1001 2087 finem
1025 2064 1136 2098 usque
1173 2053 1287 2093 idem,
1322 2053 1400 2097 ipse
1423 2054 1465 2085 iis
1491 2054 1650 2097 corporis

206 2095 400 2130 virtutibus
430 2098 597 2140 gestiens,
623 2105 769 2143 propter
794 2111 881 2144 quas
908 2099 1035 2144 dignus
1059 2100 1208 2144 imperio
1233 2099 1455 2140 habebatur3
1483 2099 1650 2131 omnibus

206 2143 355 2189 quidem
392 2143 547 2177 subditis
581 2144 754 2178 honorem
776 2147 959 2186 tribuens,
997 2147 1190 2191 praecipue
1215 2151 1355 2186 autem,
1385 2156 1536 2191 quornm
1562 2157 1650 2190 pro⁴

205 2201 352 2236 pensam
379 2201 460 2234 erga
484 2202 521 2223 se
537 2191 758 2226 voluntatem
786 2199 1026 2237 perspexerat.
1051 2192 1146 2225 idem
1164 2193 1387 2237 parcissimus
1405 2197 1483 2225 erat
1507 2197 1544 2224 et
1568 2203 1651 2226 ava-

206 2237 365 2269 tissimus
388 2248 428 2270 ac
446 2243 615 2282 quaestus
640 2239 794 2272 faciendi
833 2239 1209 2284 congerendarumque
1235 2251 1342 2283 opum
1368 2250 1473 2284 quam
1499 2239 1653 2273 maxime
1693 2251 1695 2253 ’

209 2283 408 2326 studiosu85
444 2283 490 2316 ad
516 2283 604 2317 haec
639 2286 747 2319 etiam
783 2286 919 2330 gloriae
954 2286 1186 2319 avidissimus.
1225 2286 1355 2331 quibus
1391 2285 1653 2330 cupiditatibus

208 2329 374 2366 omnibus
408 2341 488 2363 cum
530 2332 698 2372 serviret,
749 2334 787 2366 in
832 2344 996 2377 magnam
1038 2334 1195 2366 omnium
1240 2333 1554 2377 reprehensionem
1594 2333 1654 2365 in-

208 2376 330 2410 currit.
375 2376 583 2421 vituperant
619 2385 738 2412 autem
775 2380 922 2424 quidam
955 2381 1205 2423 imperatorem
1243 2385 1284 2412 ut
1318 2379 1499 2412 hominem
1531 2379 1651 2423 exigui

207 2423 361 2463 consilii,
389 2423 487 2467 quod
511 2425 654 2468 aggredi
683 2437 764 2458 eum
788 2427 1069 2470 praefestinarit.
1092 2427 1162 2459 uisi
1186 2426 1280 2458 enim
1305 2431 1389 2460 ante
1406 2431 1652 2471 opportunum

208 2475 348 2514 tempus
373 2469 519 2504 adortus
536 2477 639 2512 esset,
663 2472 772 2505 facile
802 2475 904 2507 aiunt
928 2474 1146 2517 superiorem
1171 2484 1250 2505 eum
1268 2473 1504 2506 discessurum
1531 2472 1654 2514 fuisse,

208 2515 454 2560 prementibus
482 2517 641 2562 undique
665 2525 703 2551 et
718 2519 893 2553 Albanitis
919 2521 982 2564 qui
1010 2525 1182 2553 vocantur
1211 2525 1247 2552 et
1270 2520 1445 2553 Dalmatis
1468 2530 1488 2551 a
1513 2519 1652 2552 Bodiuo

207 2563 332 2598 missis.
362 2568 399 2596 at
422 2564 509 2596 talia
533 2575 717 2606 censores,
746 2567 809 2611 qui
835 2572 931 2602 extra
957 2567 1021 2598 teli
1049 2568 1179 2599 iactum
1207 2572 1302 2599 stant
1331 2572 1368 2599 et
1390 2567 1427 2599 in
1454 2570 1653 2611 pugnantes

209 2608 437 2642 acerbissima
466 2610 768 2645 obtrectationum
795 2613 870 2646 tela
893 2613 1051 2646 mittunt.
1077 2625 1158 2646 nam
1187 2613 1331 2645 Roberti
1356 2614 1525 2646 virtutem
1553 2617 1591 2649 et
1613 2612 1652 2646 in

209 2655 315 2690 rebus
342 2655 482 2695 bellicis
523 2657 774 2694 dexteritatem
799 2665 836 2694 et
861 2659 970 2694 animi
996 2660 1231 2694 constantiam
1257 2671 1378 2695 omnes
1402 2666 1546 2694 norunt.
1587 2670 1652 2693 nee
