1754 3086
657 145 966 212 nemenio.
1373 171 1519 211 xxxv

30 261 58 295 Ψ
89 284 307 342 liquefiant.
379 283 568 337 Denique
609 281 773 322 interim
819 282 943 322 bilem
987 289 1210 335 erumpunt
1241 281 1518 336 indignantes:

28 358 31 359 ⁷
87 355 293 397 exurdato
321 353 504 393 barbarie
517 353 663 407 palato
689 367 767 392 non
794 354 970 407 sapuisse
997 353 1172 392 salivam
1192 354 1377 392 Atticam.
1412 354 1522 393 Haec

89 433 133 468 et
160 427 242 467 eius
270 425 426 480 generis
456 430 615 463 caetera
643 429 936 477 praeterquam
962 422 1144 476 longum,
1173 423 1295 463 etiam
1320 437 1396 464 nec
1424 424 1520 463 mihi

86 497 341 553 promptum,
372 501 414 536 et
440 494 594 549 alioqui
621 495 730 535 exitu
770 509 916 547 anceps
946 494 1072 534 fuerit.
1101 494 1202 534 velle
1230 494 1441 549 purgando
1474 509 1522 534 ac

86 584 167 624 pro
194 583 259 610 me
304 567 477 609 dicendo
520 567 721 608 refellere.
785 568 1005 622 Nunquam
1045 566 1234 621 equidem
1274 569 1381 607 soleo
1424 568 1522 607 mibi

86 640 204 682 nimis
230 640 428 680 tribuere.
498 640 595 694 quin
627 638 727 679 adeo
767 639 1014 693 plerumque
1041 638 1124 692 ipse
1150 638 1247 677 mihi
1275 653 1423 692 parum
1452 654 1521 678 ae-

86 726 188 768 quus
224 726 337 759 sum3
379 711 534 766 quippe
563 711 712 766 ingenii
753 725 800 750 ac
835 711 1038 750 facultatis
1084 717 1239 765 quanta
1267 710 1318 750 sit
1346 711 1520 751 tenuitas

85 783 267 824 conscius
300 783 465 834 animus,
495 782 642 822 iudicia
681 781 1069 836 reprehendentium
1098 782 1163 822 vel
1190 781 1339 836 excipit
1365 796 1522 822 assensu

83 853 206 904 facili,
234 855 295 894 vel
325 854 436 894 ultro
459 853 742 894 consciscenda
766 867 939 894 censura
963 860 1254 907 praeoccupat.
1285 867 1395 892 nunc
1420 867 1522 893 vero

83 927 205 967 etiam
234 926 448 980 plusquam
477 926 570 965 alias
598 924 703 965 male
725 930 880 976 metuo,
908 939 958 966 ne
976 924 1073 966 alibi
1099 925 1172 976 vis,
1200 925 1295 964 alibi
1326 939 1403 977 ars,
1427 924 1523 964 alibi

48 997 253 1038 'felicitas
292 997 487 1052 satagenti
535 995 632 1037 licet
683 996 781 1037 mibi
820 998 1055 1052 frustraque
1098 997 1286 1037 molienti
1328 996 1521 1037 defuerit.

83 1069 362 1119 Quamobrem
391 1067 547 1123 singula
578 1068 736 1109 obiecta
764 1068 797 1108 si
818 1082 1051 1122 persequar,
1080 1067 1279 1123 quaedam
1304 1067 1415 1108 forte
1442 1069 1523 1108 sint:

82 1141 228 1195 quibus
256 1140 455 1181 diluendis
483 1154 557 1180 nec
576 1154 767 1190 coronae,
797 1154 873 1179 nec
902 1139 1101 1180 iudicibus
1130 1139 1384 1191 satisfaciam,
1413 1154 1522 1180 non-

82 1211 192 1252 nulla
223 1213 345 1252 etiam
375 1212 415 1266 in
439 1213 589 1267 quibus
615 1212 841 1252 accusatori
873 1225 963 1252 reus
989 1217 1136 1264 sponte
1163 1211 1362 1251 confitens
1390 1212 1524 1265 palam

81 1282 174 1323 dem
204 1298 357 1323 manus.
414 1283 674 1324 innocentiae
698 1298 811 1324 meae
838 1289 975 1323 tamen
1004 1289 1044 1323 et
1067 1282 1161 1323 fidei
1179 1283 1257 1322 hoc
1285 1283 1326 1322 in
1357 1283 1523 1336 negotio

81 1355 264 1408 optimae
295 1369 377 1394 non
406 1370 429 1394 a
458 1355 812 1395 criminationibus
843 1355 969 1409 magis
997 1355 1134 1395 alienis
1165 1369 1286 1410 quam
1317 1355 1367 1394 ab
1401 1354 1523 1407 ipsius

81 1427 159 1466 mei
190 1426 431 1466 morositate
459 1425 595 1466 iudicii
625 1426 917 1480 periclitantis,
949 1441 999 1467 ne
1028 1427 1188 1480 penitus
1217 1440 1378 1466 causam
1406 1426 1524 1467 dese-

80 1510 182 1546 ram,
208 1496 485 1551 profitendum
514 1496 580 1536 hic
599 1504 670 1548 est,
703 1511 768 1537 me
789 1504 892 1538 nutu
914 1511 960 1537 ac
979 1497 1086 1537 iussu
1103 1503 1177 1538 tuo
1204 1502 1390 1552 suscepta
1416 1511 1520 1551 pro-

28 1579 31 1592 f
79 1568 212 1608 vincia
241 1582 364 1622 quam
393 1569 558 1608 minime
590 1568 694 1608 male
726 1569 889 1622 defungi
917 1567 1127 1619 studuisse,
1157 1568 1197 1607 in
1228 1583 1277 1608 eo
1309 1583 1385 1609 nec
1413 1574 1519 1609 tem-

78 1639 171 1693 pori
204 1653 277 1680 nec
307 1640 462 1690 labori,
504 1654 577 1680 nec
616 1640 870 1680 contentioni
901 1639 1132 1693 pepercisse
1162 1653 1359 1694 unquam.
1412 1640 1518 1679 Suc..

75 1724 204 1752 cessus
235 1711 324 1766 quis
354 1711 518 1751 tandem
550 1711 714 1751 conatui
735 1710 1009 1765 responderit,
1045 1716 1092 1750 ut
1123 1710 1414 1765 producendae
1443 1726 1518 1751 nc-

77 1782 305 1838 quidqnam
331 1783 467 1823 multis
486 1783 708 1838 clepsydris
728 1783 942 1837 apologiae
961 1783 1244 1837 compendium
1273 1797 1355 1822 uno
1384 1783 1515 1823 verbo

74 1854 230 1905 faciam,
260 1857 319 1895 tui
341 1856 437 1895 Via
463 1856 697 1906 Maxima,
731 1855 884 1906 iudicii,
913 1856 971 1894 tui
1000 1854 1165 1896 arbitrii
1186 1870 1248 1895 res
1266 1861 1364 1895 esto.
1395 1870 1514 1895 nemo

76 1927 156 1966 erit
184 1926 369 1966 omnium
404 1930 479 1976 (sat
517 1928 615 1976 scio)
657 1934 740 1967 tam
784 1927 970 1981 pervicax
1012 1927 1082 1981 qui
1118 1929 1149 1967 si
1176 1927 1310 1967 minus
1337 1934 1516 1981 propter

74 1998 361 2053 amplissimum
401 1999 679 2054 magistratum
702 2029 714 2051 ‚
761 2014 845 2053 quo
887 1999 984 2038 iuris
1032 2005 1073 2040 et
1099 1999 1220 2055 aequi
1248 1999 1511 2040 moderamen

73 2069 167 2110 Tibi
197 2085 396 2110 summum
415 2071 660 2111 attributum
679 2078 750 2121 est,
779 2077 891 2111 certe
911 2077 1086 2124 propter
1108 2072 1356 2111 notissimam
1376 2073 1512 2111 omni-

72 2140 160 2192 bus,
193 2147 234 2182 ct
261 2143 372 2182 ultra
402 2143 524 2183 etiam
554 2158 677 2197 quam
708 2142 873 2196 Imperii
902 2143 998 2183 fines
1016 2141 1160 2183 Gallici
1189 2144 1413 2197 pertinent,
1446 2157 1511 2183 ce-

72 2211 227 2252 lebrem
258 2226 305 2252 ac
333 2213 607 2254 venerabilem
649 2215 908 2268 aequitatem,
936 2213 1126 2253 doctrina
1157 2214 1269 2253 varia
1299 2213 1510 2269 omnisque

71 2284 228 2337 generis
256 2284 452 2338 sapientia
497 2286 781 2335 coniunctam,
826 2299 909 2324 non
946 2291 1042 2326 tuae
1066 2284 1254 2326 standum
1282 2285 1510 2326 definitioni

70 2361 214 2408 putet:
243 2370 308 2396 me
338 2357 503 2411 quidem
527 2357 624 2411 ipso,
655 2371 917 2411 quocumque
944 2357 1029 2398 alea
1058 2357 1242 2408 verterit,
1274 2357 1377 2398 adeo
1409 2357 1506 2399 nibil

71 2433 218 2467 contra
239 2435 470 2481 exceptum
501 2428 562 2468 vel
583 2435 880 2482 provocatum,
910 2434 955 2468 ut
984 2429 1306 2483 subscriptorem
1325 2429 1506 2481 adstipu-

73 2497 327 2553 latoremque
355 2499 644 2554 cuiuscumque
673 2514 806 2539 sensus
838 2500 898 2539 tui
927 2500 1005 2539 iam
1037 2500 1133 2540 hinc
1162 2502 1271 2540 ultro
1300 2500 1505 2553 pollicear.

69 2566 131 2608 Te
158 2568 243 2608 sere
274 2569 314 2608 in
344 2569 560 2611 scribendo
587 2571 819 2624 spectabam
848 2572 980 2620 unice,
1009 2571 1085 2611 tibi
1114 2586 1179 2612 me
1205 2571 1403 2624 fingebam
1429 2584 1505 2623 pa-

71 2638 313 2693 rabamque:
343 2642 415 2681 tibi
447 2641 477 2680 si
522 2642 668 2695 placui,
702 2642 860 2684 abunde
901 2642 1097 2683 mercedis
1129 2650 1198 2685 cst.
1256 2656 1348 2681 nam
1378 2656 1503 2695 prae..

72 2714 260 2764 tei-quam
304 2710 415 2765 quod
453 2712 581 2753 laudis
618 2713 805 2766 publicae
841 2713 1166 2767 praeiudicium,
1210 2714 1328 2753 favor
1366 2718 1503 2754 tantae
