1754 3086
560 556 1184 636 ΑΛΕΞῙΑΣ
1261 562 1348 635 Α.

477 695 1002 770 ALEXIADIS
1055 708 1342 770 LIBER
1391 710 1437 769 1.

752 936 1160 982 ARGUMENTUML

326 1064 479 1099 Alexius
514 1062 794 1112 quatuordecim
828 1076 948 1100 annos
975 1074 1113 1107 natus,
1150 1066 1330 1112 Diogenis
1363 1065 1522 1101 Romani
1553 1072 1687 1102 contra

237 1112 381 1147 Tur-cas
408 1111 634 1157 expeditioni
660 1112 834 1146 interesse
855 1114 966 1156 cupit.
1001 1113 1065 1146 sub
1091 1113 1273 1148 Michaele
1294 1112 1405 1147 Duca
1429 1123 1509 1147 cum
1534 1113 1688 1160 imperio
1709 1114 1735 1157 ’ῃ

237 1158 290 1194 ad
321 1159 499 1193 Urselium
533 1157 788 1193 debellandum
824 1159 1080 1206 proficiscitur
1103 1162 1169 1205 (ι).
1227 1160 1260 1194 is
1291 1171 1314 1194 a
1340 1159 1504 1194 Tutacho
1529 1167 1686 1207 captus,

239 1207 370 1241 Alexio
396 1204 583 1246 traditur,
608 1206 676 1253 qui
694 1209 891 1240 Amasenos
919 1215 1050 1252 rogat,
1075 1215 1116 1240 ut
1134 1215 1281 1253 pactam
1302 1206 1526 1252 proditionis
1551 1218 1689 1242 merce-
1722 1211 1737 1254 ᾗ

236 1264 318 1287 aem
341 1252 494 1286 solvant
525 1253 590 1299 (2).
655 1252 782 1286 turbas
814 1251 900 1287 inde
933 1261 1038 1287 ortas
1061 1253 1197 1288 callide
1226 1255 1409 1300 componit
1439 1254 1688 1301 Urseliumque
1726 1256 1738 1299 ζ

239 1299 373 1345 Οροῑίη
397 1297 549 1333 adducit
572 1299 635 1344 (3).
684 1299 913 1345 Nicephorus
933 1300 1143 1343 Bryennius
1164 1302 1352 1346 imperium
1379 1299 1539 1346 affectat.
1563 1302 1692 1334 miser·-

237 1348 353 1382 rimus
386 1354 503 1380 status
544 1347 703 1380 militiae
729 1357 917 1381 romanae.
974 1347 1126 1380 Alexius
1159 1347 1204 1380 ab
1230 1347 1312 1392 imp.
1345 1346 1554 1392 Nicephoro
1577 1348 1690 1380 Βοια-
1725 1343 1737 1384 ,³⁶

238 1394 342 1428 niate
366 1401 496 1426 contra
520 1393 623 1427 illum
650 1394 812 1426 mittitur
845 1393 908 1436 (4).
966 1394 1158 1438 utriusque
1193 1393 1299 1428 ducis
1323 1395 1560 1439 comparatio.
1578 1404 1692 1440 proe-
1719 1372 1741 1415 ῗέ

241 1441 334 1474 lium
361 1438 414 1473 ad
438 1439 713 1482 Calauram(5).
761 1440 995 1483 Bryenniani
1013 1439 1118 1485 fusi,
1145 1438 1222 1474 dux
1234 1441 1309 1486 ipse
1333 1442 1482 1484 capitur
1507 1441 1572 1486 (6).
1620 1441 1693 1475 Ba·
1719 1408 1743 1522 3

241 1485 376 1522 silacia
413 1497 565 1531 regnum
599 1486 725 1521 itidem
763 1495 970 1533 appetente,
995 1485 1084 1520 belli
1107 1497 1198 1520 cura
1212 1488 1345 1521 Alexio
1370 1488 1610 1521 committitur
1628 1487 1693 1532 (7).

238 1533 421 1581 proelium
445 1540 663 1567 nocturnum
681 1532 745 1578 (8),
791 1533 1001 1567 Basilacius
1018 1532 1315 1567 Thessalonicam
1332 1533 1454 1580 sugit,
1482 1534 1546 1567 ubi
1567 1534 1694 1579 paullo
1721 1530 1754 1560 ἷ“’

242 1587 328 1628 post
361 1580 492 1614 Alexio
529 1578 695 1620 deditus,
730 1591 755 1613 a
786 1580 1008 1613 Botaniatae
1040 1580 1222 1614 ministris
1255 1588 1489 1615 excaecatur.
1545 1580 1695 1615 Alea-ius
1727 1590 1743 1616 ,ζ

241 1626 387 1663 Sebasti
410 1627 521 1661 titulo
549 1634 682 1661 auctus
706 1625 771 1671 (9).
819 1626 996 1660 Robertus
1007 1626 1243 1660 Normannus
1267 1627 1399 1661 bellum
1426 1625 1608 1662 adversus
1623 1627 1696 1661 110-
1724 1624 1742 1660 ’;

241 1685 372 1708 manos
407 1673 569 1708 molitur.
597 1671 755 1707 eiusdem
779 1674 931 1718 patria,
974 1684 1111 1718 genus,
1133 1686 1250 1708 mores
1277 1673 1365 1719 (ιο).
1422 1686 1442 1709 e
1478 1674 1626 1708 latrone
1641 1673 1696 1722 fit
1725 1669 1743 1713 ἑ

243 1731 360 1766 gener
399 1720 575 1755 Gulielmi
597 1720 841 1760 Mascabelis,
882 1731 988 1767 quem
1024 1721 1065 1754 in
1097 1721 1254 1755 vincula
1289 1720 1433 1754 missum
1466 1721 1584 1756 oculis
1615 1721 1698 1766 pri·
1721 1746 1735 1765 ,ὲ

243 1775 314 1802 vat
346 1766 436 1813 (ιι).
485 1768 563 1802 eius
599 1765 740 1802 ditione
774 1767 933 1813 potitus,
969 1765 1046 1801 dux
1059 1766 1113 1809 fit
1140 1766 1413 1813 Longibardiae
1446 1775 1555 1814 atque
1581 1767 1696 1814 ipsum
1725 1775 1746 1806 ,²12

245 1815 436 1862 imperium
473 1814 621 1861 appetit.
661 1824 706 1847 rze
750 1814 837 1847 belli
883 1825 997 1848 causa
1042 1812 1199 1855 deesset,
1232 1813 1585 1848 Pseudomichaelem
1619 1826 1697 1848 mo-

246 1862 404 1896 nachum
437 1861 616 1896 subornat
639 1860 726 1904 (¹2).
780 1873 880 1907 papa
918 1872 1000 1895 cum
1029 1861 1191 1895 Henrico
1217 1861 1436 1896 Germaniae
1471 1871 1555 1904 rege
1588 1859 1699 1895 dissi·
1742 1899 1743 1902 Ἴ

246 1907 507 1953 dens‚jbedus
532 1919 611 1942 cum
643 1907 799 1942 Roberto
835 1907 908 1940 init
948 1907 1034 1952 (13).
1083 1908 1160 1941 eius
1184 1906 1298 1949 filius
1335 1906 1563 1941 Boe'mundus
1586 1908 1700 1942 Aulo-

247 1965 328 1988 nem
353 1963 518 1999 occupat.
541 1954 689 1988 interim
714 1955 790 2000 ipse
817 1965 932 1988 naves
954 1962 988 1988 et
1011 1954 1146 1988 milites
1166 1963 1279 1999 parat
1303 1953 1390 2000 (14).
1436 1954 1532 1987 Raul
1555 1954 1700 1999 legatus
1728 1979 1733 1982 >

249 2001 357 2046 cpoli
389 2011 560 2036 reversus
599 2001 731 2035 bellum
766 2000 955 2035 dissuadet
988 2000 1076 2045 (15).
1135 2008 1257 2035 tamen
1280 2001 1457 2035 Robertus
1488 2000 1698 2035 Brundusio

246 2047 495 2090 Dyrrachium
517 2048 641 2083 solvit.
693 2048 859 2094 Corypho
883 2049 970 2082 urbs
993 2056 1112 2093 capta.
1164 2048 1341 2092 Georgius
1365 2047 1697 2090 Monomachatus,
1726 2063 1728 2066 ·

246 2092 326 2128 dux
347 2094 520 2139 Illyrici,
556 2094 685 2130 Alexio
709 2107 832 2130 rerum
856 2095 930 2130 iam
951 2095 1068 2141 potito
1095 2095 1243 2129 auxilia
1266 2093 1425 2140 denegat
1447 2093 1535 2140 (16).

172 2356 239 2389 P.3
367 2359 403 2384 1.
427 2324 496 2381 “0
516 2339 718 2396 βασιλεῦς
741 2336 932 2390 Ἀλέξιος
949 2338 1022 2380 καί
1035 2339 1137 2392 ἐμὸς
1166 2338 1304 2394 πατὴρ
1323 2342 1398 2380 καί
1423 2340 1503 2394 πρὸ
1526 2342 1602 2381 τοῦ
1618 2343 1699 2382 τῶν
1722 2395 1725 2398 ,

162 2403 474 2466 ν.7σκήπτρων
512 2409 774 2463 ἐπειλῆφθαι
817 2407 891 2463 τῆς
926 2407 1142 2460 βασιλείας
1180 2407 1289 2460 μέγα
1320 2399 1471 2462 ὄφελος
1499 2407 1551 2463 τῇ
1580 2409 1698 2460 βασι·
1722 2443 1724 2449 ,

347 2527 582 2568 ΑΛΕΞῙΛΣ
603 2526 644 2562 ,Α
667 2536 735 2559 om.
751 2524 793 2558 A.
893 2535 921 2558 ι.
939 2521 980 2559 Ὁ
1002 2534 1070 2557 om.
1086 2524 1127 2556 A.

375 2670 404 2692 ι.
451 2627 666 2703 Imperator
694 2653 853 2694 Alexius,
884 2658 987 2700 pater
1009 2664 1134 2694 meus,
1159 2651 1267 2686 etiam
1296 2655 1380 2686 ante
1407 2660 1508 2684 susce
1535 2653 1610 2684 tum
1633 2649 1699 2682 im·

255 2706 394 2751 perium
415 2715 543 2749 magno
569 2702 673 2738 rebus
699 2701 864 2737 Romanis
889 2701 1069 2749 praesidio
1098 2699 1178 2736 fuit.
1205 2699 1338 2734 etenim
1375 2698 1494 2744 stipen
1521 2697 1555 2731 ia
1582 2697 1699 2731 facere
1730 2722 1733 2742 3
