1754 3086
4 64 19 175 ξ
495 101 777 143 Ala-:xlmis
820 101 918 139 Liss.
964 102 1033 142 ix.
1073 105 1112 144 8.
1425 74 1538 144 453

105 205 339 256 πανταχοῦ,
366 200 439 256 τὴν
461 203 535 244 τοῦ
550 200 770 255 Διογένους
787 198 944 252 βουλήν
965 201 1078 254 παρὰ
1099 202 1174 244 τοῦ
1189 197 1544 255 Πορφυρογεννή-

97 284 179 311 ,του
197 267 521 311 Κωνσταντίνου
541 269 620 308 τοῦ
637 266 841 319 βασιλέως
859 266 932 305 καί
958 265 1053 307 υἱοῦ
1081 267 1211 322 αότῆς
1231 265 1544 319 διαμηνυθῆναι

106 335 163 390 τῷ
189 337 382 385 βασιλεῖ,
428 328 505 373 κᾶν
543 328 679 380 ἄλλως
717 325 804 384 εἶχε
831 327 877 372 τὸ
905 332 1085 383 πρᾶγμα.
1152 333 1195 382 ἐξ
1225 331 1363 374 αὐτῶν
1391 331 1436 372 δὲ
1462 330 1545 370 τῶν

107 400 498 454 ἐξυπηρετουμένων
525 400 581 454 τῷ
610 398 796 451 Διογένει
822 394 874 438 τὰ
905 398 977 454 τῆς
1003 398 1156 450 βουλῆς
1185 394 1322 450 ἡρέμα
1350 397 1588 448 διεπορθ-Ῑ)

72 465 294 517 ἐῖμευέτο.4
340 464 431 506 {nsi
458 466 505 505 δὲ
534 460 555 505 ὅ
580 465 778 516 Διογένης
815 464 1050 516 περιωρᾶτο
1077 466 1148 503 καί
1175 464 1342 513 δέσμιος
1372 457 1449 516 ἤδη
1478 458 1551 501 καὶ

106 528 328 583 ὑπερόριος
356 531 600 581 καθίστατο,
628 530 700 569 καί
727 525 766 568 οἱ
793 530 868 581 τῆς
893 522 1027 568 auito&
1055 530 1209 581 βουλῆς
1237 526 1415 579 ἔκκριτοι
1447 525 1549 567 ὑπό·

107 610 234 643 πτους
275 591 451 643 ἑαυτοὺς
494 592 532 635 οἱ
572 593 630 648 μὴ
672 591 910 649 φθάσαντες
947 591 1104 634 ἁλῶναι
1146 587 1224 646 ἤδη
1259 594 1552 646 γεγενημένους

109 659 354 714 διαγνόντες,
387 661 614 715 περίφοβοί
638 675 683 700 τε
711 659 928 714 ἐφαίνοντο
963 661 1035 700 καί
1057 656 1330 709 σκεπτόμενοι
1360 655 1384 698 δ’
1411 672 1451 698 τι
1482 656 1554 697 καί

110 724 325 782 δράσαιεν,
351 725 523 775 τούτους
553 724 590 767 οἱ
634 727 747 781 α’μφί
774 723 846 766 τὸν
872 726 1048 778 βασιλέα
1082 721 1193 765 οὕτω
1222 724 1553 775 κυμαινομένους

49 806 98 833 ιο
110 794 416 847 κατανοοῦντες,
444 793 488 833 ἐν
508 789 741 846 ἀμηχάνοις
764 788 935 833 ἑστάναι
963 790 1147 839 ἐδόκουν,
1168 790 1212 831 ἐν
1241 790 1371 845 στενῷ
1402 788 1553 840 κομιδῆ

109 857 159 900 τά
178 860 263 900 κατ’
283 857 411 900 αὐτὸν
430 856 619 911 ὁρῶντες,
648 856 705 905 ὥς
724 859 783 906 εἰς
812 855 963 910 ῥητούς
980 872 1094 906 τινας
1114 856 1440 910 περιγραφείσης
1473 849 1552 906 ἤδη

107 928 179 978 τῆς
204 927 280 966 τοῦ
298 923 600 977 αὐτοκράτορος
621 924 796 977 α’γωγῆς,
821 921 889 965 τὸν
908 923 1098 964 κίνδυνον
1120 921 1228 977 ὑπὲρ
1257 921 1439 976 κεφαλῆς
1457 920 1553 973 ἑφι-

109 987 310 1043 στάμενον
339 985 417 1045 ἤδη
446 987 628 1043 ἔχοντος.
661 986 682 1029 ὃ
714 990 758 1031 δὲ
787 986 986 1043 βασιλεὺς
1011 994 1095 1036 τοῖς
1123 991 1336 1041 λογισμοῖς
1362 982 1555 1027 ἀναλύων
1566 991 1604 1024 Ρ.
1617 991 1685 1024 262

108 1058 168 1104 εἰς
194 1056 246 1098 τὰ
275 1057 318 1106 ἐξ
348 1055 481 1109 ἀρχῆς
510 1052 584 1096 καί
609 1052 782 1103 ποσάκις
819 1055 904 1095 κατ’
932 1053 1064 1096 αὕτοῦ
1089 1051 1109 1095 ὃ
1138 1053 1337 1107 Διογένης
1367 1049 1555 1104 ὁρμήσας
1709 1043 1718 1050 ’

0 1145 10 1165 ι
51 1121 183 1166 15καὶ
207 1123 385 1177 σφαλείς
411 1124 456 1163 ἐκ
485 1120 604 1169 θείας
644 1118 884 1175 δυνάμεως,
915 1118 1042 1168 αὐτὸς
1074 1119 1266 1172 αὐτόχειρ
1298 1114 1445 1160 τούτου
1477 1130 1557 1171 φο-

110 1186 205 1236 νεὺς
243 1182 320 1242 ἤδη
346 1190 559 1242 ἐφίστατο,
605 1190 770 1234 πολλοῖς
801 1186 1047 1238 ἑκυμαίνετο
1076 1189 1302 1238 λογισμοῖς.
1357 1184 1428 1224 καί
1456 1185 1557 1222 πολ-

109 1253 186 1303 λάς
213 1256 431 1309 νοημάτων
469 1254 692 1306 λαμβάνων
729 1250 967 1304 μεταβολάς
993 1250 1066 1292 καί
1095 1248 1254 1304 τροπάς
1282 1251 1377 1301 παρ’
1406 1244 1555 1304 ἑαυτῷ,

112 1319 205 1363 ἐπεὶ
232 1316 344 1362 ἅπαν
361 1322 437 1362 τοῦ
454 1334 498 1360 τε
524 1321 737 1360 πολιτικοῦ
757 1316 831 1358 καί
847 1317 1147 1371 στρατιωτικοῦ
1159 1314 1447 1368 συντάγματος
1475 1314 1558 1354 διε-

112 1386 274 1442 φθορὰς
301 1392 391 1434 ταῖς
419 1387 490 1427 τοῦ
517 1384 739 1438 Διογένους
769 1383 976 1431 θωπείαις
1004 1383 1183 1436 ἐπέγνω,
1215 1382 1469 1434 ἀποχρῶσαν
1495 1378 1553 1434 μῆ

47 1466 101 1493 2ο
113 1450 222 1506 ἔχων
247 1450 436 1506 δύναμιν,
465 1448 573 1494 ὥστε
600 1447 791 1506 φρουράν
820 1446 925 1503 πρὸς
943 1448 1163 1496 τοσούτους
1190 1447 1422 1501 ἐπιστῆσαι,
1452 1442 1557 1500 μήτε

204 1596 237 1618 2.
265 1583 378 1619 αὐτοῦ
403 1584 445 1617 G.
554 1584 586 1617 3.
612 1583 662 1629 τῷ
693 1582 932 1628 αὐτοκράτορι
965 1580 1038 1614 CG.
1134 1580 1198 1616 δὲε
1223 1580 1302 1623 lege
1325 1575 1413 1625 γὰρ.
1522 1578 1555 1612 5.

207 1644 252 1665 an
276 1631 527 1678 ἐπεφωρᾶτοῗ
657 1630 691 1662 6.
728 1627 911 1665 ὑπόπτους
940 1622 1090 1666 ἑαυτοὺς
1116 1633 1307 1672 transpone
1342 1632 1422 1670 post
1457 1624 1554 1659 ἁλῶ-

204 1691 278 1715 ναι.
372 1691 406 1723 9.
436 1675 702 1724 κυμαινόμενοι
726 1676 798 1708 CG.
912 1685 962 1707 11.
991 1674 1041 1712 ὥς
1061 1695 1107 1700 -
1133 1672 1387 1721 ἐφιστάμενον
1411 1684 1480 1706 om.
1510 1673 1553 1706 G.

205 1737 248 1758 an
273 1725 495 1772 μετρητούςζ)
526 1724 621 1757 idem
648 1734 751 1767 supra
789 1722 867 1766 237,
901 1733 950 1754 ιι.
981 1725 1074 1762 282,
1107 1722 1156 1755 13.
1194 1723 1285 1767 296,
1314 1730 1370 1752 21.
1505 1729 1555 1753 12.

204 1773 283 1817 lege
317 1772 473 1819 α’ρωγῆς.
598 1771 647 1804 ιό.
672 1765 813 1816 φονεὺς
834 1767 961 1804 τούτου
986 1767 1029 1801 G.

115 1908 212 1955 quod
237 1914 354 1941 autem
382 1908 488 1951 vulgo
515 1907 707 1947 ferebatur,
733 1906 903 1950 Diogenis
938 1904 1221 1938 coniurationem
1248 1913 1267 1935 a
1295 1901 1370 1935 filio
1398 1901 1555 1935 eiusdem

114 1957 249 1990 Mariae
274 1956 510 1989 Constantino
545 1954 862 1999 Porpltyrogeuit0‚
888 1952 1028 1997 imperii
1057 1950 1255 1994 insignibus
1281 1954 1427 1990 ornato,
1453 1948 1555 1982 dete-

114 2009 206 2036 ctam
241 2013 317 2036 esse
351 2002 577 2046 imperatori,
606 2001 642 2034 id
669 2012 768 2034 secus
803 2004 889 2033 erat.
939 1998 983 2031 ab
1008 1998 1095 2043 ipsis
1131 1998 1223 2030 enini
1254 1996 1423 2040 Diogenis
1450 1996 1554 2028 sami·

115 2049 261 2083 liaribus
284 2049 432 2082 consilia
458 2049 532 2081 eius
561 2048 733 2093 paulatim
763 2052 864 2080 eraut
886 2045 1077 2089 divulgata.
1139 2050 1293 2077 ceterum
1318 2054 1397 2076 cum
1424 2043 1556 2087 Dioge-

115 2107 191 2137 nes,
215 2097 357 2130 sceleris
385 2100 608 2141 compertus,
644 2095 681 2127 in
722 2093 918 2127 custodiam
957 2093 1026 2125 iam
1053 2091 1155 2124 datus
1178 2096 1272 2124 esset
1295 2095 1404 2135 atque
1430 2090 1557 2123 exsilio

118 2143 300 2183 multatus,
326 2143 388 2188 qui
426 2141 585 2176 nondum
615 2141 706 2186 capti
733 2146 832 2174 erant
869 2139 1127 2173 coniurationis
1159 2137 1364 2182 participes,
1388 2138 1557 2182 quoniam

116 2191 154 2224 in
183 2189 420 2235 suspicionem
458 2201 494 2222 se
535 2189 675 2221 venisse
710 2186 980 2230 intelligebant,
1009 2184 1315 2218 conturbabantur
1346 2190 1444 2217 metu
1479 2194 1558 2224 nec,

116 2236 203 2282 quid
228 2242 398 2281 agerent,
442 2235 635 2268 habebant.
686 2246 776 2280 quos
802 2234 860 2266 ubi
888 2233 1112 2278 imperatoris
1142 2231 1335 2264 familiares
1361 2231 1408 2264 ita
1435 2231 1559 2263 anxios

116 2284 223 2317 animi
253 2283 497 2329 sollicitosque
522 2282 699 2321 viderunt,
724 2282 791 2326 ipsi
820 2278 1086 2313 difficultatibus
1112 2277 1340 2312 circumventi
1365 2276 1433 2310 sibi
1458 2276 1560 2310 vide·

116 2331 256 2371 bantur,
281 2342 358 2363 cum
383 2330 420 2363 in
445 2341 596 2363 summas
622 2329 800 2372 angustias
825 2328 1069 2372 imperatorem
1085 2325 1275 2359 adductum
1302 2325 1561 2368 conspicerent,

117 2378 252 2423 quippe
284 2377 382 2410 cuius
405 2378 514 2414 salus.
558 2376 766 2409 imminente
792 2374 975 2419 periculo,
1000 2384 1191 2418 paucorum
1219 2376 1356 2405 tantum
1383 2370 1560 2416 praesidio

118 2425 302 2458 niteretur.
352 2429 460 2469 atque
497 2422 554 2455 hic
589 2423 706 2456 animo
736 2426 902 2467 reputans
939 2420 1056 2453 omnia
1082 2419 1165 2453 inde
1205 2418 1248 2452 ab
1274 2418 1378 2451 initio
1405 2423 1441 2450 et
1467 2429 1560 2463 quo-

120 2471 188 2505 ties
214 2470 416 2514 Diogenes,
457 2469 595 2503 insidiis
627 2469 693 2502 sibi
722 2468 882 2507 structis,
914 2467 1036 2500 divino
1060 2467 1206 2499 nurnine
1229 2466 1426 2503 frustratus,
1454 2464 1561 2497 vitam

121 2528 217 2551 stiam
245 2518 338 2550 ferro
364 2516 608 2562 appetivisset,
626 2526 752 2560 magno
772 2514 1028 2557 cogitationum
1048 2520 1147 2547 aestu
1171 2510 1376 2545 fluctuabat.
1405 2510 1563 2552 tandein,

122 2565 272 2598 multum
315 2574 351 2596 re
390 2574 508 2596 secum
547 2562 770 2601 deliberata,
795 2573 874 2594 cum
912 2566 1055 2594 senatus
1097 2559 1344 2604 exercitusque
1383 2557 1562 2603 principes

121 2622 243 2644 omnes
255 2610 425 2654 Diogenis
452 2609 635 2642 blanditiis
658 2614 841 2653 corruptos
867 2613 998 2648 nosset,
1026 2606 1291 2651 destitutusque
1319 2610 1414 2638 esset
1437 2604 1562 2650 copiis,

122 2658 250 2705 quibus
288 2662 342 2691 tot
374 2655 630 2691 custodiendos
669 2655 844 2696 traderet,
870 2666 935 2690 nec
968 2665 1050 2689 vero
1077 2654 1183 2688 etiam
1210 2650 1480 2687 multitudinem
1507 2651 1561 2687 in·
