<?xml version="1.0" encoding="UTF-8"?>
<!DOCTYPE html PUBLIC "-//W3C//DTD XHTML 1.0 Transitional//EN"
    "http://www.w3.org/TR/xhtml1/DTD/xhtml1-transitional.dtd">
<html xmlns="http://www.w3.org/1999/xhtml" xml:lang="en" lang="en">
 <head>
  <title>
</title>
<meta http-equiv="Content-Type" content="text/html;charset=utf-8" />
  <meta name='ocr-system' content='tesseract 3.04.00' />
  <meta name='ocr-capabilities' content='ocr_page ocr_carea ocr_par ocr_line ocrx_word'/>
</head>
<body>
  <div class='ocr_page' id='page_1' title='image "./corpusscriptorum02niebuoft_0428.png"; bbox 0 0 1754 3086; ppageno 0'>
   <div class='ocr_carea' id='block_1_1' title="bbox 235 88 1195 157">
    <p class='ocr_par' dir='ltr' id='par_1_1' title="bbox 235 88 1195 157">
     <span class='ocr_line' id='line_1_1' title="bbox 235 88 1195 157; baseline 0.008 -20"><span class='ocrx_word' id='word_1_1' title='bbox 235 88 266 138; x_wconf 78' lang='lat'>3</span> <span class='ocrx_word' id='word_1_2' title='bbox 277 105 302 157; x_wconf 93' lang='lat'><strong>7</strong></span> <span class='ocrx_word' id='word_1_3' title='bbox 316 105 342 137; x_wconf 79' lang='lat'>2</span> <span class='ocrx_word' id='word_1_4' title='bbox 683 103 863 143; x_wconf 80' lang='lat' dir='ltr'><strong>ANNAE</strong></span> <span class='ocrx_word' id='word_1_5' title='bbox 904 103 1195 146; x_wconf 79' lang='lat' dir='ltr'>COMNENAE</span> 
     </span>
    </p>
   </div>
   <div class='ocr_carea' id='block_1_2' title="bbox 94 200 1727 1633">
    <p class='ocr_par' dir='ltr' id='par_1_2' title="bbox 94 200 1727 1633">
     <span class='ocr_line' id='line_1_2' title="bbox 234 200 1667 262; baseline 0.005 -20"><span class='ocrx_word' id='word_1_6' title='bbox 234 200 495 254; x_wconf 78' lang='grc' dir='ltr'><em>ὸόλιότητας,</em></span> <span class='ocrx_word' id='word_1_7' title='bbox 535 202 662 257; x_wconf 77' lang='grc' dir='ltr'><em>τολμᾷ</em></span> <span class='ocrx_word' id='word_1_8' title='bbox 691 216 731 242; x_wconf 90' lang='grc' dir='ltr'><em>τι</em></span> <span class='ocrx_word' id='word_1_9' title='bbox 766 206 838 243; x_wconf 86' lang='grc' dir='ltr'><em>καί</em></span> <span class='ocrx_word' id='word_1_10' title='bbox 862 204 1230 257; x_wconf 74' lang='grc' dir='ltr'><em>παραβολώτερον,</em></span> <span class='ocrx_word' id='word_1_11' title='bbox 1273 206 1444 259; x_wconf 77' lang='grc' dir='ltr'><em>πρᾶγμα</em></span> <span class='ocrx_word' id='word_1_12' title='bbox 1489 207 1667 262; x_wconf 76' lang='grc' dir='ltr'><em>ποιήσας</em></span> 
     </span>
     <span class='ocr_line' id='line_1_3' title="bbox 233 262 1670 323; baseline 0.006 -16"><span class='ocrx_word' id='word_1_13' title='bbox 233 268 492 319; x_wconf 73' lang='grc' dir='ltr'><strong><em>βαρβαρικῆς</em></strong></span> <span class='ocrx_word' id='word_1_14' title='bbox 519 267 596 317; x_wconf 79' lang='grc' dir='ltr'><em>μὲν</em></span> <span class='ocrx_word' id='word_1_15' title='bbox 615 269 758 320; x_wconf 77' lang='grc' dir='ltr'><em>ψυχῆς</em></span> <span class='ocrx_word' id='word_1_16' title='bbox 787 262 913 320; x_wconf 71' lang='grc' dir='ltr'><em>ἄξιον,</em></span> <span class='ocrx_word' id='word_1_17' title='bbox 941 265 1124 310; x_wconf 63' lang='grc' dir='ltr'><em>’ὕποπτον</em></span> <span class='ocrx_word' id='word_1_18' title='bbox 1157 271 1204 310; x_wconf 74' lang='grc' dir='ltr'><em>δὲ</em></span> <span class='ocrx_word' id='word_1_19' title='bbox 1233 272 1438 323; x_wconf 72' lang='grc' dir='ltr'><em>τοσοῦτον,</em></span> <span class='ocrx_word' id='word_1_20' title='bbox 1469 269 1569 314; x_wconf 73' lang='grc' dir='ltr'><em>ὅσον</em></span> <span class='ocrx_word' id='word_1_21' title='bbox 1596 275 1670 315; x_wconf 76' lang='grc' dir='ltr'><em>καί</em></span> 
     </span>
     <span class='ocr_line' id='line_1_4' title="bbox 234 330 1667 391; baseline 0.006 -20"><span class='ocrx_word' id='word_1_22' title='bbox 234 330 385 384; x_wconf 76' lang='grc' dir='ltr'><em>τόλμης</em></span> <span class='ocrx_word' id='word_1_23' title='bbox 415 332 589 385; x_wconf 77' lang='grc' dir='ltr'><em>ἐφίκετο.</em></span> <span class='ocrx_word' id='word_1_24' title='bbox 647 332 696 371; x_wconf 78' lang='grc' dir='ltr'><em>οὔ</em></span> <span class='ocrx_word' id='word_1_25' title='bbox 724 331 809 386; x_wconf 78' lang='grc' dir='ltr'><em>μὴν</em></span> <span class='ocrx_word' id='word_1_26' title='bbox 837 333 860 372; x_wconf 80' lang='lat' dir='ltr'><em>o‘</em></span> <span class='ocrx_word' id='word_1_27' title='bbox 891 331 1089 385; x_wconf 71' lang='grc' dir='ltr'><em>βασιλεὺς</em></span> <span class='ocrx_word' id='word_1_28' title='bbox 1121 333 1252 384; x_wconf 73' lang='grc' dir='ltr'><em>εὐθὺς</em></span> <span class='ocrx_word' id='word_1_29' title='bbox 1280 334 1568 391; x_wconf 80' lang='grc' dir='ltr'><em>ἐτιμωρήσατο</em></span> <span class='ocrx_word' id='word_1_30' title='bbox 1594 339 1667 380; x_wconf 79' lang='grc' dir='ltr'><em>τὸν</em></span> 
     </span>
     <span class='ocr_line' id='line_1_5' title="bbox 94 394 1667 456; baseline 0.006 -21"><span class='ocrx_word' id='word_1_31' title='bbox 94 394 446 450; x_wconf 51' lang='grc' dir='ltr'><em>Ἄιὸὃβάρβαρον</em></span> <span class='ocrx_word' id='word_1_32' title='bbox 489 397 588 438; x_wconf 74' lang='grc' dir='ltr'><em>ου’ὄὲ</em></span> <span class='ocrx_word' id='word_1_33' title='bbox 626 397 838 451; x_wconf 73' lang='grc' dir='ltr'><em>ἐπεξῆλθε,</em></span> <span class='ocrx_word' id='word_1_34' title='bbox 869 399 962 439; x_wconf 74' lang='grc' dir='ltr'><em>δέον</em></span> <span class='ocrx_word' id='word_1_35' title='bbox 994 394 1054 439; x_wconf 75' lang='grc' dir='ltr'><em>ὅν.</em></span> <span class='ocrx_word' id='word_1_36' title='bbox 1122 399 1228 441; x_wconf 78' lang='grc' dir='ltr'><em>ἄλλά</em></span> <span class='ocrx_word' id='word_1_37' title='bbox 1265 400 1341 456; x_wconf 74' lang='grc' dir='ltr'><em>τήν</em></span> <span class='ocrx_word' id='word_1_38' title='bbox 1377 404 1456 453; x_wconf 81' lang='grc' dir='ltr'><em>μὲν</em></span> <span class='ocrx_word' id='word_1_39' title='bbox 1491 404 1667 456; x_wconf 72' lang='grc' dir='ltr'><em>καρδίαν</em></span> 
     </span>
     <span class='ocr_line' id='line_1_6' title="bbox 233 460 1701 523; baseline 0.005 -21"><span class='ocrx_word' id='word_1_40' title='bbox 233 463 490 515; x_wconf 81' lang='grc' dir='ltr'><em>παλλομένην</em></span> <span class='ocrx_word' id='word_1_41' title='bbox 527 463 586 510; x_wconf 85' lang='grc' dir='ltr'><em>εἰς</em></span> <span class='ocrx_word' id='word_1_42' title='bbox 631 460 770 514; x_wconf 77' lang='grc' dir='ltr'><em>θυμόν</em></span> <span class='ocrx_word' id='word_1_43' title='bbox 808 466 879 504; x_wconf 87' lang='grc' dir='ltr'><em>καί</em></span> <span class='ocrx_word' id='word_1_44' title='bbox 921 462 1050 517; x_wconf 68' lang='grc' dir='ltr'><em>ὀργήν</em></span> <span class='ocrx_word' id='word_1_45' title='bbox 1089 465 1264 518; x_wconf 81' lang='grc' dir='ltr'><strong><em>ἐπέσχεν</em></strong></span> <span class='ocrx_word' id='word_1_46' title='bbox 1302 467 1472 518; x_wconf 71' lang='grc' dir='ltr'><em>αὐτίκα,</em></span> <span class='ocrx_word' id='word_1_47' title='bbox 1511 470 1578 509; x_wconf 83' lang='grc' dir='ltr'><em>ἵνα</em></span> <span class='ocrx_word' id='word_1_48' title='bbox 1605 466 1701 523; x_wconf 68' lang='grc' dir='ltr'><em>μῆὄ</em></span> 
     </span>
     <span class='ocr_line' id='line_1_7' title="bbox 231 526 1665 586; baseline 0.004 -19"><span class='ocrx_word' id='word_1_49' title='bbox 231 526 469 582; x_wconf 75' lang='grc' dir='ltr'><em>προσοβήσῃ</em></span> <span class='ocrx_word' id='word_1_50' title='bbox 499 526 573 580; x_wconf 70' lang='grc' dir='ltr'><em>τὴν</em></span> <span class='ocrx_word' id='word_1_51' title='bbox 599 526 740 581; x_wconf 73' lang='grc' dir='ltr'><em>θήραν</em></span> <span class='ocrx_word' id='word_1_52' title='bbox 761 532 833 570; x_wconf 76' lang='grc' dir='ltr'><em>καί</em></span> <span class='ocrx_word' id='word_1_53' title='bbox 859 531 1015 585; x_wconf 79' lang='grc' dir='ltr'><em>ταράξῃ</em></span> <span class='ocrx_word' id='word_1_54' title='bbox 1034 528 1109 577; x_wconf 78' lang='grc' dir='ltr'><em>τάς</em></span> <span class='ocrx_word' id='word_1_55' title='bbox 1138 529 1366 585; x_wconf 82' lang='grc' dir='ltr'><em>φάλαγγας.</em></span> <span class='ocrx_word' id='word_1_56' title='bbox 1422 531 1665 586; x_wconf 77' lang='grc' dir='ltr'><em>ε’ταμιεύετο</em></span> 
     </span>
     <span class='ocr_line' id='line_1_8' title="bbox 99 589 1664 652; baseline 0.001 -14"><span class='ocrx_word' id='word_1_57' title='bbox 99 595 277 639; x_wconf 66' lang='grc' dir='ltr'><strong>Ρ.212δὲ</strong></span> <span class='ocrx_word' id='word_1_58' title='bbox 307 594 379 634; x_wconf 84' lang='grc' dir='ltr'><em>καί</em></span> <span class='ocrx_word' id='word_1_59' title='bbox 405 589 623 646; x_wconf 76' lang='grc' dir='ltr'><em>ὖπιόρυττε</em></span> <span class='ocrx_word' id='word_1_60' title='bbox 654 592 726 648; x_wconf 72' lang='grc' dir='ltr'><em>τὴν</em></span> <span class='ocrx_word' id='word_1_61' title='bbox 755 592 884 648; x_wconf 78' lang='grc' dir='ltr'><em>ὄργὴν</em></span> <span class='ocrx_word' id='word_1_62' title='bbox 921 597 977 650; x_wconf 77' lang='grc' dir='ltr'><em>τῷ</em></span> <span class='ocrx_word' id='word_1_63' title='bbox 1008 592 1219 651; x_wconf 82' lang='grc' dir='ltr'><em>Νεάντζῃ,</em></span> <span class='ocrx_word' id='word_1_64' title='bbox 1262 597 1409 639; x_wconf 76' lang='grc' dir='ltr'><em>τούτου</em></span> <span class='ocrx_word' id='word_1_65' title='bbox 1435 599 1664 652; x_wconf 73' lang='grc' dir='ltr'><em>προδοσίαν</em></span> 
     </span>
     <span class='ocr_line' id='line_1_9' title="bbox 227 656 1664 718; baseline 0.003 -18"><span class='ocrx_word' id='word_1_66' title='bbox 227 661 303 700; x_wconf 73' lang='grc' dir='ltr'><em>τοῦ</em></span> <span class='ocrx_word' id='word_1_67' title='bbox 331 656 479 711; x_wconf 73' lang='grc' dir='ltr'><em>ἀνδρὸς</em></span> <span class='ocrx_word' id='word_1_68' title='bbox 505 660 577 699; x_wconf 72' lang='grc' dir='ltr'><em>καί</em></span> <span class='ocrx_word' id='word_1_69' title='bbox 602 657 674 712; x_wconf 64' lang='grc' dir='ltr'><em>τὴν</em></span> <span class='ocrx_word' id='word_1_70' title='bbox 704 659 961 700; x_wconf 77' lang='grc' dir='ltr'><em>ἀποστασίαν</em></span> <span class='ocrx_word' id='word_1_71' title='bbox 987 658 1061 700; x_wconf 81' lang='grc' dir='ltr'><em>καί</em></span> <span class='ocrx_word' id='word_1_72' title='bbox 1087 659 1168 700; x_wconf 77' lang='grc' dir='ltr'><em>άπὸ</em></span> <span class='ocrx_word' id='word_1_73' title='bbox 1195 663 1275 702; x_wconf 77' lang='grc' dir='ltr'><em>τῶν</em></span> <span class='ocrx_word' id='word_1_74' title='bbox 1301 664 1664 718; x_wconf 71' lang='grc' dir='ltr'><em>προειργασμένων</em></span> 
     </span>
     <span class='ocr_line' id='line_1_10' title="bbox 228 719 1664 783; baseline 0.003 -18"><span class='ocrx_word' id='word_1_75' title='bbox 228 726 301 765; x_wconf 78' lang='grc' dir='ltr'><em>καί</em></span> <span class='ocrx_word' id='word_1_76' title='bbox 327 727 370 773; x_wconf 75' lang='grc' dir='ltr'><em>ἐξ</em></span> <span class='ocrx_word' id='word_1_77' title='bbox 400 719 536 765; x_wconf 77' lang='grc' dir='ltr'><em>ἄλλων</em></span> <span class='ocrx_word' id='word_1_78' title='bbox 565 722 951 778; x_wconf 74' lang='grc' dir='ltr'><em>προμαντευόμενος</em></span> <span class='ocrx_word' id='word_1_79' title='bbox 970 742 979 751; x_wconf 91' lang='grc'><em>·</em></span> <span class='ocrx_word' id='word_1_80' title='bbox 1012 726 1082 766; x_wconf 84' lang='grc' dir='ltr'><em>ε’πί</em></span> <span class='ocrx_word' id='word_1_81' title='bbox 1110 728 1240 779; x_wconf 78' lang='grc' dir='ltr'><em>ξυροῦ</em></span> <span class='ocrx_word' id='word_1_82' title='bbox 1266 725 1347 780; x_wconf 80' lang='grc' dir='ltr'><em>γάρ</em></span> <span class='ocrx_word' id='word_1_83' title='bbox 1366 728 1500 783; x_wconf 75' lang='grc' dir='ltr'><em>ἀκμῆς</em></span> <span class='ocrx_word' id='word_1_84' title='bbox 1527 727 1664 782; x_wconf 74' lang='grc' dir='ltr'><em>εἶσι-η’-</em></span> 
     </span>
     <span class='ocr_line' id='line_1_11' title="bbox 228 787 1727 844; baseline 0.005 -16"><span class='ocrx_word' id='word_1_85' title='bbox 228 805 289 830; x_wconf 84' lang='grc' dir='ltr'><em>κει</em></span> <span class='ocrx_word' id='word_1_86' title='bbox 318 787 366 830; x_wconf 81' lang='grc' dir='ltr'><em>τὰ</em></span> <span class='ocrx_word' id='word_1_87' title='bbox 402 791 478 829; x_wconf 78' lang='grc' dir='ltr'><em>τοῦ</em></span> <span class='ocrx_word' id='word_1_88' title='bbox 503 791 709 840; x_wconf 87' lang='grc' dir='ltr'><em>πολέμου·</em></span> <span class='ocrx_word' id='word_1_89' title='bbox 767 789 840 830; x_wconf 83' lang='grc' dir='ltr'>καί</span> <span class='ocrx_word' id='word_1_90' title='bbox 870 788 938 830; x_wconf 73' lang='grc' dir='ltr'><em>διὰ</em></span> <span class='ocrx_word' id='word_1_91' title='bbox 968 791 1089 831; x_wconf 80' lang='grc' dir='ltr'><em>τοῦτο</em></span> <span class='ocrx_word' id='word_1_92' title='bbox 1120 795 1472 844; x_wconf 81' lang='grc' dir='ltr'><em>περιυλακτυῦντα</em></span> <span class='ocrx_word' id='word_1_93' title='bbox 1501 792 1568 835; x_wconf 81' lang='grc' dir='ltr'><em>τὸν</em></span> <span class='ocrx_word' id='word_1_94' title='bbox 1581 796 1662 835; x_wconf 76' lang='grc' dir='ltr'><em>θυ-</em></span> <span class='ocrx_word' id='word_1_95' title='bbox 1679 812 1727 839; x_wconf 80' lang='grc' dir='ltr'><em>ιο</em></span> 
     </span>
     <span class='ocr_line' id='line_1_12' title="bbox 227 851 1666 911; baseline 0.003 -16"><span class='ocrx_word' id='word_1_96' title='bbox 227 854 307 908; x_wconf 89' lang='grc' dir='ltr'><em>μὸν</em></span> <span class='ocrx_word' id='word_1_97' title='bbox 338 851 359 894; x_wconf 81' lang='grc' dir='ltr'>ὅ</span> <span class='ocrx_word' id='word_1_98' title='bbox 388 852 587 906; x_wconf 75' lang='grc' dir='ltr'><em>βασιλεύς</em></span> <span class='ocrx_word' id='word_1_99' title='bbox 616 855 719 901; x_wconf 83' lang='grc' dir='ltr'><em>τέως</em></span> <span class='ocrx_word' id='word_1_100' title='bbox 744 855 920 907; x_wconf 77' lang='grc' dir='ltr'><em>ἐπεῖχεν,</em></span> <span class='ocrx_word' id='word_1_101' title='bbox 950 856 1119 910; x_wconf 80' lang='grc' dir='ltr'><em>α’πορῶν</em></span> <span class='ocrx_word' id='word_1_102' title='bbox 1147 855 1191 897; x_wconf 84' lang='grc' dir='ltr'><em>τὸ</em></span> <span class='ocrx_word' id='word_1_103' title='bbox 1222 860 1459 911; x_wconf 80' lang='grc' dir='ltr'><em>τηνικαῦτα,</em></span> <span class='ocrx_word' id='word_1_104' title='bbox 1491 855 1572 900; x_wconf 79' lang='grc' dir='ltr'><em>ὅτι</em></span> <span class='ocrx_word' id='word_1_105' title='bbox 1591 857 1666 900; x_wconf 79' lang='grc' dir='ltr'><em>καὶ</em></span> 
     </span>
     <span class='ocr_line' id='line_1_13' title="bbox 228 917 1666 976; baseline 0.006 -17"><span class='ocrx_word' id='word_1_106' title='bbox 228 919 432 973; x_wconf 76' lang='grc' dir='ltr'><em>δράσειεν.</em></span> <span class='ocrx_word' id='word_1_107' title='bbox 498 918 519 960; x_wconf 82' lang='grc' dir='ltr'><em>ὃ</em></span> <span class='ocrx_word' id='word_1_108' title='bbox 558 920 700 971; x_wconf 85' lang='grc' dir='ltr'><em>μέντοι</em></span> <span class='ocrx_word' id='word_1_109' title='bbox 740 917 952 974; x_wconf 73' lang='grc' dir='ltr'><em>Νεάντζης</em></span> <span class='ocrx_word' id='word_1_110' title='bbox 991 920 1096 973; x_wconf 75' lang='grc' dir='ltr'><em>μετὰ</em></span> <span class='ocrx_word' id='word_1_111' title='bbox 1129 921 1281 976; x_wconf 82' lang='grc' dir='ltr'><em>μικρὸν</em></span> <span class='ocrx_word' id='word_1_112' title='bbox 1323 923 1567 976; x_wconf 75' lang='grc' dir='ltr'><em>προσελθών</em></span> <span class='ocrx_word' id='word_1_113' title='bbox 1594 924 1666 966; x_wconf 84' lang='grc' dir='ltr'><strong><em>καί</em></strong></span> 
     </span>
     <span class='ocr_line' id='line_1_14' title="bbox 225 982 1665 1043; baseline 0.004 -17"><span class='ocrx_word' id='word_1_114' title='bbox 225 985 296 1026; x_wconf 84' lang='grc' dir='ltr'><em>τοῦ</em></span> <span class='ocrx_word' id='word_1_115' title='bbox 327 986 533 1039; x_wconf 81' lang='grc' dir='ltr'><em>σφετέρου</em></span> <span class='ocrx_word' id='word_1_116' title='bbox 565 985 727 1037; x_wconf 79' lang='grc' dir='ltr'><em>α’ποβάς</em></span> <span class='ocrx_word' id='word_1_117' title='bbox 754 986 893 1038; x_wconf 82' lang='grc' dir='ltr'><em>ἵππου,</em></span> <span class='ocrx_word' id='word_1_118' title='bbox 923 982 1048 1028; x_wconf 74' lang='grc' dir='ltr'><em>ἄλλον</em></span> <span class='ocrx_word' id='word_1_119' title='bbox 1082 988 1218 1043; x_wconf 72' lang='grc' dir='ltr'><em>ᾐτεῖτο</em></span> <span class='ocrx_word' id='word_1_120' title='bbox 1245 987 1317 1030; x_wconf 88' lang='grc' dir='ltr'><em>τὸν</em></span> <span class='ocrx_word' id='word_1_121' title='bbox 1344 991 1534 1041; x_wconf 73' lang='grc' dir='ltr'><em>βασιλέα.</em></span> <span class='ocrx_word' id='word_1_122' title='bbox 1586 992 1665 1032; x_wconf 72' lang='grc' dir='ltr'><em>καὶ</em></span> 
     </span>
     <span class='ocr_line' id='line_1_15' title="bbox 226 1045 1662 1108; baseline 0.004 -18"><span class='ocrx_word' id='word_1_123' title='bbox 226 1051 396 1091; x_wconf 74' lang='grc' dir='ltr'><em>δίδωσιν</em></span> <span class='ocrx_word' id='word_1_124' title='bbox 441 1045 556 1105; x_wconf 68' lang='grc' dir='ltr'><em>αὐτῷ</em></span> <span class='ocrx_word' id='word_1_125' title='bbox 585 1053 846 1104; x_wconf 82' lang='grc' dir='ltr'><em>παραχρῆμα</em></span> <span class='ocrx_word' id='word_1_126' title='bbox 885 1053 1009 1093; x_wconf 81' lang='grc' dir='ltr'><em>ἵππον</em></span> <span class='ocrx_word' id='word_1_127' title='bbox 1036 1055 1117 1094; x_wconf 75' lang='grc' dir='ltr'><em>τῶν</em></span> <span class='ocrx_word' id='word_1_128' title='bbox 1143 1055 1339 1107; x_wconf 80' lang='grc' dir='ltr'><em>ἐκκρίτων</em></span> <span class='ocrx_word' id='word_1_129' title='bbox 1363 1054 1469 1107; x_wconf 76' lang='grc' dir='ltr'><em>μετὰ</em></span> <span class='ocrx_word' id='word_1_130' title='bbox 1497 1058 1662 1108; x_wconf 80' lang='grc' dir='ltr'><em>βασιλι-</em></span> 
     </span>
     <span class='ocr_line' id='line_1_16' title="bbox 225 1115 1725 1175; baseline 0.005 -19"><span class='ocrx_word' id='word_1_131' title='bbox 225 1117 297 1169; x_wconf 80' lang='grc' dir='ltr'><em>κῆς</em></span> <span class='ocrx_word' id='word_1_132' title='bbox 321 1117 576 1169; x_wconf 70' lang='grc' dir='ltr'><em>ἐφεστρίδος.</em></span> <span class='ocrx_word' id='word_1_133' title='bbox 635 1117 693 1164; x_wconf 81' lang='grc' dir='ltr'><em>εἰς</em></span> <span class='ocrx_word' id='word_1_134' title='bbox 723 1115 765 1156; x_wconf 83' lang='grc' dir='ltr'><em>ὃν</em></span> <span class='ocrx_word' id='word_1_135' title='bbox 794 1117 966 1170; x_wconf 70' lang='grc' dir='ltr'><em>ἀναβάς,</em></span> <span class='ocrx_word' id='word_1_136' title='bbox 1007 1118 1100 1159; x_wconf 84' lang='grc' dir='ltr'><em>ε’πεὶ</em></span> <span class='ocrx_word' id='word_1_137' title='bbox 1126 1118 1175 1159; x_wconf 84' lang='grc' dir='ltr'><em>τά</em></span> <span class='ocrx_word' id='word_1_138' title='bbox 1205 1117 1394 1172; x_wconf 88' lang='grc' dir='ltr'><em>τάγματα</em></span> <span class='ocrx_word' id='word_1_139' title='bbox 1421 1123 1510 1162; x_wconf 87' lang='grc' dir='ltr'><em>κατ’</em></span> <span class='ocrx_word' id='word_1_140' title='bbox 1535 1119 1660 1175; x_wconf 80' lang='grc' dir='ltr'><em>α’λλή-</em></span> <span class='ocrx_word' id='word_1_141' title='bbox 1679 1122 1725 1163; x_wconf 80' lang='lat'><em>¹5</em></span> 
     </span>
     <span class='ocr_line' id='line_1_17' title="bbox 190 1178 1662 1238; baseline 0.003 -15"><span class='ocrx_word' id='word_1_142' title='bbox 190 1186 308 1223; x_wconf 78' lang='grc' dir='ltr'><em>Βλων</em></span> <span class='ocrx_word' id='word_1_143' title='bbox 341 1178 410 1221; x_wconf 78' lang='grc' dir='ltr'><em>διά</em></span> <span class='ocrx_word' id='word_1_144' title='bbox 454 1182 525 1221; x_wconf 85' lang='grc' dir='ltr'><em>τοῦ</em></span> <span class='ocrx_word' id='word_1_145' title='bbox 553 1184 807 1234; x_wconf 79' lang='grc' dir='ltr'><em>μεσαιχμιόυ</em></span> <span class='ocrx_word' id='word_1_146' title='bbox 838 1178 914 1237; x_wconf 73' lang='grc' dir='ltr'><em>ἤδη</em></span> <span class='ocrx_word' id='word_1_147' title='bbox 944 1179 1097 1238; x_wconf 72' lang='grc' dir='ltr'><em>ᾔεσαν,</em></span> <span class='ocrx_word' id='word_1_148' title='bbox 1137 1187 1281 1238; x_wconf 76' lang='grc' dir='ltr'><em>σχῆμα</em></span> <span class='ocrx_word' id='word_1_149' title='bbox 1315 1184 1416 1226; x_wconf 77' lang='grc' dir='ltr'><em>κατὰ</em></span> <span class='ocrx_word' id='word_1_150' title='bbox 1444 1188 1524 1227; x_wconf 72' lang='grc' dir='ltr'><em>τῶν</em></span> <span class='ocrx_word' id='word_1_151' title='bbox 1551 1188 1662 1228; x_wconf 74' lang='grc' dir='ltr'><em>Σκυ-</em></span> 
     </span>
     <span class='ocr_line' id='line_1_18' title="bbox 225 1245 1663 1305; baseline 0.003 -18"><span class='ocrx_word' id='word_1_152' title='bbox 225 1249 313 1287; x_wconf 75' lang='grc' dir='ltr'><em>θῶν</em></span> <span class='ocrx_word' id='word_1_153' title='bbox 342 1245 542 1294; x_wconf 76' lang='grc' dir='ltr'><em>ἱππασίας</em></span> <span class='ocrx_word' id='word_1_154' title='bbox 571 1247 859 1300; x_wconf 72' lang='grc' dir='ltr'><em>ποιησάμενος,</em></span> <span class='ocrx_word' id='word_1_155' title='bbox 893 1247 968 1302; x_wconf 68' lang='grc' dir='ltr'><em>τήν</em></span> <span class='ocrx_word' id='word_1_156' title='bbox 996 1248 1160 1304; x_wconf 81' lang='grc' dir='ltr'><em>α’κωκὴν</em></span> <span class='ocrx_word' id='word_1_157' title='bbox 1185 1252 1261 1291; x_wconf 80' lang='grc' dir='ltr'><em>τοῦ</em></span> <span class='ocrx_word' id='word_1_158' title='bbox 1289 1250 1460 1305; x_wconf 80' lang='grc' dir='ltr'><em>δόρατος</em></span> <span class='ocrx_word' id='word_1_159' title='bbox 1489 1246 1663 1293; x_wconf 74' lang='grc' dir='ltr'><em>ὄπισθεν</em></span> 
     </span>
     <span class='ocr_line' id='line_1_19' title="bbox 222 1310 1662 1371; baseline 0.004 -18"><span class='ocrx_word' id='word_1_160' title='bbox 222 1314 426 1365; x_wconf 79' lang='grc' dir='ltr'><em>στρέψας,</em></span> <span class='ocrx_word' id='word_1_161' title='bbox 457 1310 561 1364; x_wconf 84' lang='grc' dir='ltr'><em>πρὸς</em></span> <span class='ocrx_word' id='word_1_162' title='bbox 592 1311 690 1360; x_wconf 78' lang='grc' dir='ltr'><em>τούς</em></span> <span class='ocrx_word' id='word_1_163' title='bbox 729 1311 938 1366; x_wconf 79' lang='grc' dir='ltr'><em>ὁμογενεῖς</em></span> <span class='ocrx_word' id='word_1_164' title='bbox 966 1317 1102 1370; x_wconf 74' lang='grc' dir='ltr'><em>φοιτᾷ,</em></span> <span class='ocrx_word' id='word_1_165' title='bbox 1139 1315 1270 1357; x_wconf 80' lang='grc' dir='ltr'><em>πολλοὶ</em></span> <span class='ocrx_word' id='word_1_166' title='bbox 1302 1315 1402 1358; x_wconf 74' lang='grc' dir='ltr'><em>κατὰ</em></span> <span class='ocrx_word' id='word_1_167' title='bbox 1435 1319 1509 1371; x_wconf 82' lang='grc' dir='ltr'><em>τῆς</em></span> <span class='ocrx_word' id='word_1_168' title='bbox 1536 1320 1662 1370; x_wconf 84' lang='grc' dir='ltr'><em>βασι-</em></span> 
     </span>
     <span class='ocr_line' id='line_1_20' title="bbox 221 1376 1662 1437; baseline 0.004 -19"><span class='ocrx_word' id='word_1_169' title='bbox 221 1379 337 1430; x_wconf 85' lang='grc' dir='ltr'><em>λικῆς</em></span> <span class='ocrx_word' id='word_1_170' title='bbox 365 1376 634 1430; x_wconf 80' lang='grc' dir='ltr'><em>παρατάξεως</em></span> <span class='ocrx_word' id='word_1_171' title='bbox 661 1378 800 1426; x_wconf 74' lang='grc' dir='ltr'><em>αὐτοῖς</em></span> <span class='ocrx_word' id='word_1_172' title='bbox 830 1382 1063 1431; x_wconf 76' lang='grc' dir='ltr'><em>παραινῶν.</em></span> <span class='ocrx_word' id='word_1_173' title='bbox 1130 1380 1169 1421; x_wconf 84' lang='grc' dir='ltr'><em>οἱ</em></span> <span class='ocrx_word' id='word_1_174' title='bbox 1199 1382 1245 1422; x_wconf 73' lang='grc' dir='ltr'><em>δὲ</em></span> <span class='ocrx_word' id='word_1_175' title='bbox 1274 1388 1366 1430; x_wconf 85' lang='grc' dir='ltr'><em>ταῖς</em></span> <span class='ocrx_word' id='word_1_176' title='bbox 1387 1382 1662 1437; x_wconf 37' lang='grc' dir='ltr'><em>,ὑποθημοσύ-</em></span> 
     </span>
     <span class='ocr_line' id='line_1_21' title="bbox 221 1442 1726 1503; baseline 0.006 -21"><span class='ocrx_word' id='word_1_177' title='bbox 221 1458 311 1491; x_wconf 86' lang='grc' dir='ltr'><em>ναις</em></span> <span class='ocrx_word' id='word_1_178' title='bbox 341 1444 473 1483; x_wconf 73' lang='grc' dir='ltr'><em>αὐτοῦ</em></span> <span class='ocrx_word' id='word_1_179' title='bbox 507 1442 742 1497; x_wconf 77' lang='grc' dir='ltr'><em>χρώμενοι,</em></span> <span class='ocrx_word' id='word_1_180' title='bbox 777 1445 978 1498; x_wconf 82' lang='grc' dir='ltr'><em>καρτερὸν</em></span> <span class='ocrx_word' id='word_1_181' title='bbox 1016 1444 1088 1487; x_wconf 83' lang='grc' dir='ltr'><em>τὸν</em></span> <span class='ocrx_word' id='word_1_182' title='bbox 1114 1446 1222 1498; x_wconf 80' lang='grc' dir='ltr'><em>μετὰ</em></span> <span class='ocrx_word' id='word_1_183' title='bbox 1253 1449 1326 1488; x_wconf 89' lang='grc' dir='ltr'><em>τοῦ</em></span> <span class='ocrx_word' id='word_1_184' title='bbox 1358 1447 1661 1503; x_wconf 73' lang='grc' dir='ltr'><em>αὐτοκράτορος</em></span> <span class='ocrx_word' id='word_1_185' title='bbox 1673 1464 1726 1491; x_wconf 79' lang='lat'><em>20</em></span> 
     </span>
     <span class='ocr_line' id='line_1_22' title="bbox 220 1508 1660 1565; baseline 0.003 -16"><span class='ocrx_word' id='word_1_186' title='bbox 220 1508 479 1562; x_wconf 83' lang='grc' dir='ltr'><em>συνάψαντες</em></span> <span class='ocrx_word' id='word_1_187' title='bbox 519 1508 724 1561; x_wconf 84' lang='grc' dir='ltr'><em>πόλεμον,</em></span> <span class='ocrx_word' id='word_1_188' title='bbox 750 1511 945 1562; x_wconf 79' lang='grc' dir='ltr'><em>τρέπουσι</em></span> <span class='ocrx_word' id='word_1_189' title='bbox 985 1509 1256 1565; x_wconf 83' lang='grc' dir='ltr'><em>κατακράτος.</em></span> <span class='ocrx_word' id='word_1_190' title='bbox 1323 1510 1345 1552; x_wconf 78' lang='grc' dir='ltr'>ὁ</span> <span class='ocrx_word' id='word_1_191' title='bbox 1386 1514 1433 1554; x_wconf 78' lang='grc' dir='ltr'><em>δὲ</em></span> <span class='ocrx_word' id='word_1_192' title='bbox 1459 1512 1660 1565; x_wconf 76' lang='grc' dir='ltr'><em>βασιλεὸς</em></span> 
     </span>
     <span class='ocr_line' id='line_1_23' title="bbox 221 1572 1657 1633; baseline 0.005 -19"><span class='ocrx_word' id='word_1_193' title='bbox 221 1576 556 1622; x_wconf 79' lang='grc' dir='ltr'><em>διασπασθείσας</em></span> <span class='ocrx_word' id='word_1_194' title='bbox 592 1575 665 1623; x_wconf 78' lang='grc' dir='ltr'><em>τὰς</em></span> <span class='ocrx_word' id='word_1_195' title='bbox 704 1572 920 1630; x_wconf 76' lang='grc' dir='ltr'><em>φάλαγγας</em></span> <span class='ocrx_word' id='word_1_196' title='bbox 954 1575 1062 1631; x_wconf 79' lang='grc' dir='ltr'><em>ὁρῶν</em></span> <span class='ocrx_word' id='word_1_197' title='bbox 1088 1579 1161 1618; x_wconf 81' lang='grc' dir='ltr'><em>καί</em></span> <span class='ocrx_word' id='word_1_198' title='bbox 1187 1577 1415 1633; x_wconf 75' lang='grc' dir='ltr'><em>φεύγοντας</em></span> <span class='ocrx_word' id='word_1_199' title='bbox 1442 1576 1657 1630; x_wconf 74' lang='grc' dir='ltr'><em>ἅπαντας,</em></span> 
     </span>
    </p>
   </div>
   <div class='ocr_carea' id='block_1_3' title="bbox 309 1695 1659 1872">
    <p class='ocr_par' dir='ltr' id='par_1_3' title="bbox 309 1695 1659 1872">
     <span class='ocr_line' id='line_1_24' title="bbox 312 1695 1659 1744; baseline 0.004 -17"><span class='ocrx_word' id='word_1_200' title='bbox 312 1695 345 1727; x_wconf 81' lang='lat'><em>3.</em></span> <span class='ocrx_word' id='word_1_201' title='bbox 371 1695 626 1742; x_wconf 72' lang='grc' dir='ltr'><em>ἐτιμωρήσατο</em></span> <span class='ocrx_word' id='word_1_202' title='bbox 641 1709 648 1728; x_wconf 92' lang='lat'><strong>:</strong></span> <span class='ocrx_word' id='word_1_203' title='bbox 665 1695 937 1742; x_wconf 75' lang='grc' dir='ltr'><em>ἐπεπορεύσατο</em></span> <span class='ocrx_word' id='word_1_204' title='bbox 955 1697 980 1730; x_wconf 95' lang='lat' dir='ltr'>C</span> <span class='ocrx_word' id='word_1_205' title='bbox 1007 1699 1097 1731; x_wconf 89' lang='lat' dir='ltr'>etin</span> <span class='ocrx_word' id='word_1_206' title='bbox 1121 1698 1276 1741; x_wconf 81' lang='lat' dir='ltr'>margine</span> <span class='ocrx_word' id='word_1_207' title='bbox 1300 1699 1335 1732; x_wconf 87' lang='lat' dir='ltr'><em>P.</em></span> <span class='ocrx_word' id='word_1_208' title='bbox 1431 1701 1464 1744; x_wconf 75' lang='grc'><em>4.</em></span> <span class='ocrx_word' id='word_1_209' title='bbox 1489 1699 1659 1743; x_wconf 76' lang='grc' dir='ltr'><em>ἐπεξῆλθε</em></span> 
     </span>
     <span class='ocr_line' id='line_1_25' title="bbox 311 1741 1655 1791; baseline 0.004 -17"><span class='ocrx_word' id='word_1_210' title='bbox 311 1742 357 1781; x_wconf 88' lang='lat' dir='ltr'><em>C,</em></span> <span class='ocrx_word' id='word_1_211' title='bbox 381 1741 558 1785; x_wconf 69' lang='grc' dir='ltr'><em>ὑπεξῆλθε</em></span> <span class='ocrx_word' id='word_1_212' title='bbox 584 1742 651 1775; x_wconf 87' lang='lat' dir='ltr'><em>PG.</em></span> <span class='ocrx_word' id='word_1_213' title='bbox 806 1745 838 1777; x_wconf 88' lang='lat'><em>6.</em></span> <span class='ocrx_word' id='word_1_214' title='bbox 867 1744 1114 1791; x_wconf 76' lang='grc' dir='ltr'><em>ἐταμιεύσατο</em></span> <span class='ocrx_word' id='word_1_215' title='bbox 1141 1745 1214 1777; x_wconf 89' lang='lat' dir='ltr'><em>CG.</em></span> <span class='ocrx_word' id='word_1_216' title='bbox 1362 1747 1396 1780; x_wconf 84' lang='lat'><em>8.</em></span> <span class='ocrx_word' id='word_1_217' title='bbox 1424 1743 1488 1789; x_wconf 74' lang='grc' dir='ltr'><em>τὴν</em></span> <span class='ocrx_word' id='word_1_218' title='bbox 1510 1758 1578 1780; x_wconf 90' lang='lat' dir='ltr'>om.</span> <span class='ocrx_word' id='word_1_219' title='bbox 1612 1748 1655 1780; x_wconf 90' lang='lat' dir='ltr'><em>G.</em></span> 
     </span>
     <span class='ocr_line' id='line_1_26' title="bbox 316 1785 1658 1835; baseline 0.005 -15"><span class='ocrx_word' id='word_1_220' title='bbox 316 1800 366 1820; x_wconf 85' lang='grc' dir='ltr'><em>ιι.</em></span> <span class='ocrx_word' id='word_1_221' title='bbox 399 1786 440 1823; x_wconf 85' lang='grc' dir='ltr'><em>τὸ</em></span> <span class='ocrx_word' id='word_1_222' title='bbox 466 1800 534 1822; x_wconf 92' lang='lat' dir='ltr'>om.</span> <span class='ocrx_word' id='word_1_223' title='bbox 564 1789 606 1822; x_wconf 91' lang='lat' dir='ltr'><em>G.</em></span> <span class='ocrx_word' id='word_1_224' title='bbox 709 1789 759 1821; x_wconf 86' lang='lat'><em>15.</em></span> <span class='ocrx_word' id='word_1_225' title='bbox 786 1785 916 1835; x_wconf 73' lang='grc' dir='ltr'><em>ἐπιβὰς</em></span> <span class='ocrx_word' id='word_1_226' title='bbox 942 1790 985 1823; x_wconf 87' lang='lat' dir='ltr'><em>G.</em></span> <span class='ocrx_word' id='word_1_227' title='bbox 1126 1791 1188 1827; x_wconf 74' lang='grc' dir='ltr'><em>ἐπὶ</em></span> <span class='ocrx_word' id='word_1_228' title='bbox 1212 1791 1290 1833; x_wconf 83' lang='lat' dir='ltr'><em>PG,</em></span> <span class='ocrx_word' id='word_1_229' title='bbox 1317 1792 1397 1828; x_wconf 75' lang='grc' dir='ltr'><em>ἐπεὶ</em></span> <span class='ocrx_word' id='word_1_230' title='bbox 1418 1794 1488 1826; x_wconf 85' lang='lat' dir='ltr'>Iac.</span> <span class='ocrx_word' id='word_1_231' title='bbox 1516 1793 1658 1827; x_wconf 77' lang='lat' dir='ltr'>Grono-</span> 
     </span>
     <span class='ocr_line' id='line_1_27' title="bbox 309 1831 838 1872; baseline 0.002 -5"><span class='ocrx_word' id='word_1_232' title='bbox 309 1835 397 1868; x_wconf 82' lang='lat' dir='ltr'>vius.</span> <span class='ocrx_word' id='word_1_233' title='bbox 516 1846 573 1868; x_wconf 86' lang='lat'><em>20.</em></span> <span class='ocrx_word' id='word_1_234' title='bbox 605 1831 670 1872; x_wconf 83' lang='grc' dir='ltr'><em>τὸν</em></span> <span class='ocrx_word' id='word_1_235' title='bbox 692 1835 771 1868; x_wconf 85' lang='lat' dir='ltr'>add.</span> <span class='ocrx_word' id='word_1_236' title='bbox 800 1836 838 1869; x_wconf 90' lang='lat' dir='ltr'><em>C.</em></span> 
     </span>
    </p>
   </div>
   <div class='ocr_carea' id='block_1_4' title="bbox 216 1957 1657 2706">
    <p class='ocr_par' dir='ltr' id='par_1_4' title="bbox 216 1957 1657 2706">
     <span class='ocr_line' id='line_1_28' title="bbox 217 1957 1655 2009; baseline 0.006 -20"><span class='ocrx_word' id='word_1_237' title='bbox 217 1958 339 1991; x_wconf 85' lang='lat' dir='ltr'>dacius</span> <span class='ocrx_word' id='word_1_238' title='bbox 365 1957 562 2003; x_wconf 81' lang='lat' dir='ltr'>designavit</span> <span class='ocrx_word' id='word_1_239' title='bbox 600 1959 757 2000; x_wconf 80' lang='lat' dir='ltr'>facinus,</span> <span class='ocrx_word' id='word_1_240' title='bbox 783 1960 932 1994; x_wconf 84' lang='lat' dir='ltr'>barbaro</span> <span class='ocrx_word' id='word_1_241' title='bbox 965 1972 1046 1994; x_wconf 89' lang='lat' dir='ltr'>vere</span> <span class='ocrx_word' id='word_1_242' title='bbox 1073 1961 1217 2005; x_wconf 84' lang='lat' dir='ltr'>dignum</span> <span class='ocrx_word' id='word_1_243' title='bbox 1243 1967 1279 1996; x_wconf 87' lang='lat' dir='ltr'><em>et</em></span> <span class='ocrx_word' id='word_1_244' title='bbox 1302 1967 1372 1996; x_wconf 83' lang='lat' dir='ltr'>tam</span> <span class='ocrx_word' id='word_1_245' title='bbox 1397 1964 1655 2009; x_wconf 85' lang='lat' dir='ltr'>suspiciosum,</span> 
     </span>
     <span class='ocr_line' id='line_1_29' title="bbox 217 2006 1655 2053; baseline 0.006 -17"><span class='ocrx_word' id='word_1_246' title='bbox 217 2017 325 2050; x_wconf 87' lang='lat' dir='ltr'>quam</span> <span class='ocrx_word' id='word_1_247' title='bbox 351 2006 540 2038; x_wconf 87' lang='lat' dir='ltr'>temerario</span> <span class='ocrx_word' id='word_1_248' title='bbox 573 2016 672 2040; x_wconf 82' lang='lat' dir='ltr'>ausu.</span> <span class='ocrx_word' id='word_1_249' title='bbox 711 2019 829 2051; x_wconf 84' lang='lat' dir='ltr'>neque</span> <span class='ocrx_word' id='word_1_250' title='bbox 869 2014 985 2041; x_wconf 79' lang='lat' dir='ltr'>tamen</span> <span class='ocrx_word' id='word_1_251' title='bbox 1014 2009 1208 2053; x_wconf 83' lang='lat' dir='ltr'>imperator</span> <span class='ocrx_word' id='word_1_252' title='bbox 1235 2010 1354 2043; x_wconf 82' lang='lat' dir='ltr'>statim</span> <span class='ocrx_word' id='word_1_253' title='bbox 1390 2011 1429 2043; x_wconf 88' lang='lat' dir='ltr'><em>in</em></span> <span class='ocrx_word' id='word_1_254' title='bbox 1451 2011 1655 2051; x_wconf 85' lang='lat' dir='ltr'>barbarum,</span> 
     </span>
     <span class='ocr_line' id='line_1_30' title="bbox 217 2051 1656 2100; baseline 0.006 -17"><span class='ocrx_word' id='word_1_255' title='bbox 217 2051 515 2098; x_wconf 81' lang='lat' dir='ltr'>quemadmodum</span> <span class='ocrx_word' id='word_1_256' title='bbox 550 2053 749 2096; x_wconf 76' lang='lat' dir='ltr'>oportebat,</span> <span class='ocrx_word' id='word_1_257' title='bbox 775 2055 1038 2095; x_wconf 80' lang='lat' dir='ltr'>animadvertit,</span> <span class='ocrx_word' id='word_1_258' title='bbox 1062 2066 1129 2087; x_wconf 88' lang='lat' dir='ltr'><em>nec</em></span> <span class='ocrx_word' id='word_1_259' title='bbox 1161 2057 1199 2088; x_wconf 89' lang='lat' dir='ltr'><em>in</em></span> <span class='ocrx_word' id='word_1_260' title='bbox 1225 2057 1279 2088; x_wconf 89' lang='lat' dir='ltr'><em>ius</em></span> <span class='ocrx_word' id='word_1_261' title='bbox 1306 2067 1385 2089; x_wconf 90' lang='lat' dir='ltr'><em>eum</em></span> <span class='ocrx_word' id='word_1_262' title='bbox 1410 2059 1566 2100; x_wconf 80' lang='lat' dir='ltr'>vocavit3</span> <span class='ocrx_word' id='word_1_263' title='bbox 1591 2057 1656 2092; x_wconf 82' lang='lat' dir='ltr'><em>sed</em></span> 
     </span>
     <span class='ocr_line' id='line_1_31' title="bbox 216 2098 1655 2149; baseline 0.006 -19"><span class='ocrx_word' id='word_1_264' title='bbox 216 2098 501 2131; x_wconf 81' lang='lat' dir='ltr'>exardescentem</span> <span class='ocrx_word' id='word_1_265' title='bbox 538 2100 589 2131; x_wconf 83' lang='lat' dir='ltr'><em>ira</em></span> <span class='ocrx_word' id='word_1_266' title='bbox 615 2105 722 2144; x_wconf 78' lang='lat' dir='ltr'>atque</span> <span class='ocrx_word' id='word_1_267' title='bbox 748 2101 993 2145; x_wconf 74' lang='lat' dir='ltr'>indignatione</span> <span class='ocrx_word' id='word_1_268' title='bbox 1031 2102 1186 2134; x_wconf 88' lang='lat' dir='ltr'>animum</span> <span class='ocrx_word' id='word_1_269' title='bbox 1211 2104 1377 2143; x_wconf 79' lang='lat' dir='ltr'>repressit</span> <span class='ocrx_word' id='word_1_270' title='bbox 1395 2128 1406 2144; x_wconf 92' lang='lat'>‚</span> <span class='ocrx_word' id='word_1_271' title='bbox 1439 2114 1485 2137; x_wconf 88' lang='lat' dir='ltr'><em>ne</em></span> <span class='ocrx_word' id='word_1_272' title='bbox 1513 2110 1655 2149; x_wconf 86' lang='lat' dir='ltr'>proter-</span> 
     </span>
     <span class='ocr_line' id='line_1_32' title="bbox 220 2145 1655 2194; baseline 0.006 -18"><span class='ocrx_word' id='word_1_273' title='bbox 220 2151 314 2177; x_wconf 86' lang='lat' dir='ltr'>reret</span> <span class='ocrx_word' id='word_1_274' title='bbox 346 2145 512 2190; x_wconf 82' lang='lat' dir='ltr'>praedam</span> <span class='ocrx_word' id='word_1_275' title='bbox 546 2146 761 2192; x_wconf 83' lang='lat' dir='ltr'>ordinesque</span> <span class='ocrx_word' id='word_1_276' title='bbox 798 2148 968 2181; x_wconf 82' lang='lat' dir='ltr'>turbaret.</span> <span class='ocrx_word' id='word_1_277' title='bbox 1014 2159 1054 2181; x_wconf 87' lang='lat' dir='ltr'><em>ac</em></span> <span class='ocrx_word' id='word_1_278' title='bbox 1090 2149 1175 2182; x_wconf 86' lang='lat' dir='ltr'>licet</span> <span class='ocrx_word' id='word_1_279' title='bbox 1212 2149 1451 2194; x_wconf 83' lang='lat' dir='ltr'>proditionem</span> <span class='ocrx_word' id='word_1_280' title='bbox 1485 2150 1655 2185; x_wconf 77' lang='lat' dir='ltr'>Neantzis</span> 
     </span>
     <span class='ocr_line' id='line_1_33' title="bbox 220 2191 1655 2240; baseline 0.006 -17"><span class='ocrx_word' id='word_1_281' title='bbox 220 2198 330 2236; x_wconf 81' lang='lat' dir='ltr'>atque</span> <span class='ocrx_word' id='word_1_282' title='bbox 356 2191 595 2225; x_wconf 85' lang='lat' dir='ltr'>defectionem</span> <span class='ocrx_word' id='word_1_283' title='bbox 623 2204 705 2225; x_wconf 84' lang='lat' dir='ltr'>mox</span> <span class='ocrx_word' id='word_1_284' title='bbox 730 2195 881 2227; x_wconf 79' lang='lat' dir='ltr'>suturam</span> <span class='ocrx_word' id='word_1_285' title='bbox 908 2201 982 2228; x_wconf 89' lang='lat' dir='ltr'><em>tum</em></span> <span class='ocrx_word' id='word_1_286' title='bbox 1008 2206 1051 2227; x_wconf 83' lang='lat' dir='ltr'><em>ex</em></span> <span class='ocrx_word' id='word_1_287' title='bbox 1079 2195 1134 2236; x_wconf 86' lang='lat' dir='ltr'>iis,</span> <span class='ocrx_word' id='word_1_288' title='bbox 1172 2207 1261 2240; x_wconf 79' lang='lat' dir='ltr'>quae</span> <span class='ocrx_word' id='word_1_289' title='bbox 1287 2196 1487 2239; x_wconf 82' lang='lat' dir='ltr'>admiserat,</span> <span class='ocrx_word' id='word_1_290' title='bbox 1512 2203 1586 2231; x_wconf 82' lang='lat' dir='ltr'><em>tum</em></span> <span class='ocrx_word' id='word_1_291' title='bbox 1609 2209 1655 2231; x_wconf 81' lang='lat' dir='ltr'><em>ex</em></span> 
     </span>
     <span class='ocr_line' id='line_1_34' title="bbox 221 2238 1654 2282; baseline 0.005 -12"><span class='ocrx_word' id='word_1_292' title='bbox 221 2239 299 2271; x_wconf 83' lang='lat' dir='ltr'>aliis</span> <span class='ocrx_word' id='word_1_293' title='bbox 325 2238 531 2282; x_wconf 85' lang='lat' dir='ltr'>colligeret,</span> <span class='ocrx_word' id='word_1_294' title='bbox 563 2245 681 2272; x_wconf 78' lang='lat' dir='ltr'>tamen</span> <span class='ocrx_word' id='word_1_295' title='bbox 706 2241 793 2273; x_wconf 82' lang='lat' dir='ltr'>iram</span> <span class='ocrx_word' id='word_1_296' title='bbox 814 2242 851 2273; x_wconf 89' lang='lat' dir='ltr'><em>in</em></span> <span class='ocrx_word' id='word_1_297' title='bbox 877 2241 1058 2274; x_wconf 87' lang='lat' dir='ltr'>hominem</span> <span class='ocrx_word' id='word_1_298' title='bbox 1091 2242 1206 2275; x_wconf 88' lang='lat' dir='ltr'>tenuit</span> <span class='ocrx_word' id='word_1_299' title='bbox 1234 2242 1468 2277; x_wconf 83' lang='lat' dir='ltr'>dissimulavit</span> <span class='ocrx_word' id='word_1_300' title='bbox 1496 2255 1549 2277; x_wconf 87' lang='lat' dir='ltr'><em>ue.</em></span> <span class='ocrx_word' id='word_1_301' title='bbox 1575 2255 1654 2278; x_wconf 89' lang='lat' dir='ltr'>cum</span> 
     </span>
     <span class='ocr_line' id='line_1_35' title="bbox 221 2285 1657 2336; baseline 0.005 -19"><span class='ocrx_word' id='word_1_302' title='bbox 221 2285 316 2318; x_wconf 80' lang='lat' dir='ltr'>enim</span> <span class='ocrx_word' id='word_1_303' title='bbox 340 2285 455 2318; x_wconf 80' lang='lat' dir='ltr'>resin</span> <span class='ocrx_word' id='word_1_304' title='bbox 496 2285 574 2329; x_wconf 84' lang='lat' dir='ltr'>ipso</span> <span class='ocrx_word' id='word_1_305' title='bbox 600 2286 800 2320; x_wconf 74' lang='lat' dir='ltr'>disci-Imine</span> <span class='ocrx_word' id='word_1_306' title='bbox 832 2294 1049 2327; x_wconf 77' lang='lat' dir='ltr'>versaretur,</span> <span class='ocrx_word' id='word_1_307' title='bbox 1074 2299 1140 2321; x_wconf 88' lang='lat' dir='ltr'><em>nec</em></span> <span class='ocrx_word' id='word_1_308' title='bbox 1174 2289 1376 2333; x_wconf 79' lang='lat' dir='ltr'>imperator,</span> <span class='ocrx_word' id='word_1_309' title='bbox 1410 2291 1472 2336; x_wconf 89' lang='lat' dir='ltr'><em>qui</em></span> <span class='ocrx_word' id='word_1_310' title='bbox 1523 2297 1657 2335; x_wconf 79' lang='lat' dir='ltr'>ageret,</span> 
     </span>
     <span class='ocr_line' id='line_1_36' title="bbox 221 2331 1655 2372; baseline 0.005 -8"><span class='ocrx_word' id='word_1_311' title='bbox 221 2331 390 2372; x_wconf 82' lang='lat' dir='ltr'>haberet,</span> <span class='ocrx_word' id='word_1_312' title='bbox 417 2334 701 2365; x_wconf 79' lang='lat' dir='ltr'>effervescentem</span> <span class='ocrx_word' id='word_1_313' title='bbox 725 2334 907 2366; x_wconf 73' lang='lat' dir='ltr'>iracundia</span> <span class='ocrx_word' id='word_1_314' title='bbox 933 2337 1087 2367; x_wconf 87' lang='lat' dir='ltr'>animum</span> <span class='ocrx_word' id='word_1_315' title='bbox 1112 2335 1284 2369; x_wconf 83' lang='lat' dir='ltr'>cohibuit.</span> <span class='ocrx_word' id='word_1_316' title='bbox 1333 2337 1510 2370; x_wconf 83' lang='lat' dir='ltr'>Neantzes</span> <span class='ocrx_word' id='word_1_317' title='bbox 1536 2343 1655 2371; x_wconf 84' lang='lat' dir='ltr'>autem</span> 
     </span>
     <span class='ocr_line' id='line_1_37' title="bbox 220 2378 1654 2429; baseline 0.006 -19"><span class='ocrx_word' id='word_1_318' title='bbox 220 2379 320 2411; x_wconf 90' lang='lat' dir='ltr'>brevi</span> <span class='ocrx_word' id='word_1_319' title='bbox 349 2383 430 2423; x_wconf 87' lang='lat' dir='ltr'>post</span> <span class='ocrx_word' id='word_1_320' title='bbox 454 2378 543 2412; x_wconf 85' lang='lat' dir='ltr'>adiit</span> <span class='ocrx_word' id='word_1_321' title='bbox 568 2379 612 2411; x_wconf 84' lang='lat' dir='ltr'>ad</span> <span class='ocrx_word' id='word_1_322' title='bbox 638 2391 730 2420; x_wconf 88' lang='lat' dir='ltr'>eum,</span> <span class='ocrx_word' id='word_1_323' title='bbox 756 2386 792 2413; x_wconf 88' lang='lat' dir='ltr'><em>et</em></span> <span class='ocrx_word' id='word_1_324' title='bbox 818 2393 881 2414; x_wconf 91' lang='lat' dir='ltr'><em>suo</em></span> <span class='ocrx_word' id='word_1_325' title='bbox 908 2381 1076 2414; x_wconf 86' lang='lat' dir='ltr'>desiliens</span> <span class='ocrx_word' id='word_1_326' title='bbox 1106 2393 1212 2427; x_wconf 90' lang='lat' dir='ltr'>equo,</span> <span class='ocrx_word' id='word_1_327' title='bbox 1237 2383 1344 2416; x_wconf 85' lang='lat' dir='ltr'>alium</span> <span class='ocrx_word' id='word_1_328' title='bbox 1371 2383 1416 2415; x_wconf 84' lang='lat' dir='ltr'><em>ab</em></span> <span class='ocrx_word' id='word_1_329' title='bbox 1439 2384 1654 2429; x_wconf 80' lang='lat' dir='ltr'>imperatore</span> 
     </span>
     <span class='ocr_line' id='line_1_38' title="bbox 220 2424 1654 2476; baseline 0.005 -19"><span class='ocrx_word' id='word_1_330' title='bbox 220 2426 397 2470; x_wconf 81' lang='lat' dir='ltr'>poposcit.</span> <span class='ocrx_word' id='word_1_331' title='bbox 421 2424 497 2458; x_wconf 83' lang='lat' dir='ltr'>dari</span> <span class='ocrx_word' id='word_1_332' title='bbox 522 2426 704 2458; x_wconf 78' lang='lat' dir='ltr'>confestim</span> <span class='ocrx_word' id='word_1_333' title='bbox 733 2427 925 2472; x_wconf 82' lang='lat' dir='ltr'>imperator</span> <span class='ocrx_word' id='word_1_334' title='bbox 950 2428 1118 2461; x_wconf 84' lang='lat' dir='ltr'>eximium</span> <span class='ocrx_word' id='word_1_335' title='bbox 1145 2429 1213 2474; x_wconf 87' lang='lat' dir='ltr'>ipsi</span> <span class='ocrx_word' id='word_1_336' title='bbox 1238 2435 1346 2476; x_wconf 84' lang='lat' dir='ltr'>atque</span> <span class='ocrx_word' id='word_1_337' title='bbox 1364 2430 1460 2474; x_wconf 88' lang='lat' dir='ltr'>regio</span> <span class='ocrx_word' id='word_1_338' title='bbox 1487 2436 1654 2464; x_wconf 79' lang='lat' dir='ltr'>ornatum</span> 
     </span>
     <span class='ocr_line' id='line_1_39' title="bbox 223 2472 1654 2519; baseline 0.005 -15"><span class='ocrx_word' id='word_1_339' title='bbox 223 2478 332 2505; x_wconf 79' lang='lat' dir='ltr'>strato</span> <span class='ocrx_word' id='word_1_340' title='bbox 356 2472 472 2505; x_wconf 88' lang='lat' dir='ltr'>iussit.</span> <span class='ocrx_word' id='word_1_341' title='bbox 500 2483 570 2516; x_wconf 88' lang='lat' dir='ltr'><em>quo</em></span> <span class='ocrx_word' id='word_1_342' title='bbox 604 2484 818 2514; x_wconf 86' lang='lat' dir='ltr'>conscenso,</span> <span class='ocrx_word' id='word_1_343' title='bbox 854 2486 931 2506; x_wconf 88' lang='lat' dir='ltr'>cum</span> <span class='ocrx_word' id='word_1_344' title='bbox 963 2475 1137 2508; x_wconf 81' lang='lat' dir='ltr'>exercitus</span> <span class='ocrx_word' id='word_1_345' title='bbox 1172 2477 1208 2508; x_wconf 91' lang='lat' dir='ltr'><em>in</em></span> <span class='ocrx_word' id='word_1_346' title='bbox 1235 2487 1270 2508; x_wconf 91' lang='lat' dir='ltr'><em>se</em></span> <span class='ocrx_word' id='word_1_347' title='bbox 1301 2477 1370 2509; x_wconf 91' lang='lat' dir='ltr'>iam</span> <span class='ocrx_word' id='word_1_348' title='bbox 1405 2476 1588 2519; x_wconf 83' lang='lat' dir='ltr'>vaderent,</span> <span class='ocrx_word' id='word_1_349' title='bbox 1616 2482 1654 2511; x_wconf 83' lang='lat' dir='ltr'><em>et</em></span> 
     </span>
     <span class='ocr_line' id='line_1_40' title="bbox 223 2519 1652 2565; baseline 0.004 -14"><span class='ocrx_word' id='word_1_350' title='bbox 223 2520 298 2563; x_wconf 75' lang='lat' dir='ltr'>ipse</span> <span class='ocrx_word' id='word_1_351' title='bbox 323 2519 423 2551; x_wconf 82' lang='lat' dir='ltr'>velut</span> <span class='ocrx_word' id='word_1_352' title='bbox 460 2519 612 2552; x_wconf 79' lang='lat' dir='ltr'>infestus</span> <span class='ocrx_word' id='word_1_353' title='bbox 636 2519 674 2551; x_wconf 90' lang='lat' dir='ltr'><em>in</em></span> <span class='ocrx_word' id='word_1_354' title='bbox 701 2519 847 2562; x_wconf 74' lang='lat' dir='ltr'>Scythas</span> <span class='ocrx_word' id='word_1_355' title='bbox 881 2522 1066 2565; x_wconf 83' lang='lat' dir='ltr'>equitavit,</span> <span class='ocrx_word' id='word_1_356' title='bbox 1093 2521 1155 2555; x_wconf 89' lang='lat' dir='ltr'><em>sed</em></span> <span class='ocrx_word' id='word_1_357' title='bbox 1183 2522 1304 2555; x_wconf 86' lang='lat' dir='ltr'>hastae</span> <span class='ocrx_word' id='word_1_358' title='bbox 1325 2534 1491 2557; x_wconf 86' lang='lat' dir='ltr'>mucrone</span> <span class='ocrx_word' id='word_1_359' title='bbox 1520 2523 1559 2557; x_wconf 85' lang='lat' dir='ltr'><em>in</em></span> <span class='ocrx_word' id='word_1_360' title='bbox 1583 2535 1652 2557; x_wconf 82' lang='lat' dir='ltr'>no-</span> 
     </span>
     <span class='ocr_line' id='line_1_41' title="bbox 223 2566 1651 2613; baseline 0.004 -16"><span class='ocrx_word' id='word_1_361' title='bbox 223 2571 312 2598; x_wconf 78' lang='lat' dir='ltr'>stros</span> <span class='ocrx_word' id='word_1_362' title='bbox 337 2576 449 2606; x_wconf 85' lang='lat' dir='ltr'>verso,</span> <span class='ocrx_word' id='word_1_363' title='bbox 474 2566 545 2598; x_wconf 90' lang='lat' dir='ltr'>suis</span> <span class='ocrx_word' id='word_1_364' title='bbox 571 2577 608 2599; x_wconf 88' lang='lat' dir='ltr'><em>se</em></span> <span class='ocrx_word' id='word_1_365' title='bbox 634 2566 824 2599; x_wconf 85' lang='lat' dir='ltr'>immiscuit</span> <span class='ocrx_word' id='word_1_366' title='bbox 847 2567 1098 2611; x_wconf 79' lang='lat' dir='ltr'>popularibus,</span> <span class='ocrx_word' id='word_1_367' title='bbox 1124 2569 1253 2613; x_wconf 87' lang='lat' dir='ltr'>quibus</span> <span class='ocrx_word' id='word_1_368' title='bbox 1279 2570 1391 2604; x_wconf 79' lang='lat' dir='ltr'>multa</span> <span class='ocrx_word' id='word_1_369' title='bbox 1421 2569 1464 2603; x_wconf 89' lang='lat' dir='ltr'><em>de</em></span> <span class='ocrx_word' id='word_1_370' title='bbox 1488 2570 1563 2603; x_wconf 81' lang='lat' dir='ltr'>acie</span> <span class='ocrx_word' id='word_1_371' title='bbox 1584 2571 1651 2602; x_wconf 90' lang='lat' dir='ltr'><em>im-</em></span> 
     </span>
     <span class='ocr_line' id='line_1_42' title="bbox 223 2611 1653 2660; baseline 0.006 -18"><span class='ocrx_word' id='word_1_372' title='bbox 223 2612 396 2656; x_wconf 77' lang='lat' dir='ltr'>peratoris</span> <span class='ocrx_word' id='word_1_373' title='bbox 412 2613 604 2658; x_wconf 82' lang='lat' dir='ltr'>praecepit.</span> <span class='ocrx_word' id='word_1_374' title='bbox 620 2611 675 2645; x_wconf 79' lang='lat' dir='ltr'>his</span> <span class='ocrx_word' id='word_1_375' title='bbox 703 2613 861 2646; x_wconf 85' lang='lat' dir='ltr'>consiliis</span> <span class='ocrx_word' id='word_1_376' title='bbox 874 2613 1017 2646; x_wconf 78' lang='lat' dir='ltr'>barbari</span> <span class='ocrx_word' id='word_1_377' title='bbox 1034 2615 1097 2654; x_wconf 83' lang='lat' dir='ltr'>usi,</span> <span class='ocrx_word' id='word_1_378' title='bbox 1121 2616 1215 2658; x_wconf 81' lang='lat' dir='ltr'>gravi</span> <span class='ocrx_word' id='word_1_379' title='bbox 1239 2626 1356 2660; x_wconf 83' lang='lat' dir='ltr'>pugna</span> <span class='ocrx_word' id='word_1_380' title='bbox 1375 2618 1570 2656; x_wconf 80' lang='lat' dir='ltr'>commissa,</span> <span class='ocrx_word' id='word_1_381' title='bbox 1585 2617 1653 2649; x_wconf 88' lang='lat' dir='ltr'><em>im-</em></span> 
     </span>
     <span class='ocr_line' id='line_1_43' title="bbox 225 2659 1651 2706; baseline 0.004 -16"><span class='ocrx_word' id='word_1_382' title='bbox 225 2659 401 2703; x_wconf 71' lang='lat' dir='ltr'>peratoris</span> <span class='ocrx_word' id='word_1_383' title='bbox 426 2659 546 2704; x_wconf 84' lang='lat' dir='ltr'>copias</span> <span class='ocrx_word' id='word_1_384' title='bbox 574 2659 681 2706; x_wconf 84' lang='lat' dir='ltr'>plane</span> <span class='ocrx_word' id='word_1_385' title='bbox 716 2659 881 2694; x_wconf 84' lang='lat' dir='ltr'>fundunt.</span> <span class='ocrx_word' id='word_1_386' title='bbox 916 2661 977 2706; x_wconf 88' lang='lat' dir='ltr'><em>qui</em></span> <span class='ocrx_word' id='word_1_387' title='bbox 1007 2671 1085 2695; x_wconf 87' lang='lat' dir='ltr'>cum</span> <span class='ocrx_word' id='word_1_388' title='bbox 1119 2661 1288 2697; x_wconf 83' lang='lat' dir='ltr'>disiectos</span> <span class='ocrx_word' id='word_1_389' title='bbox 1321 2663 1462 2697; x_wconf 86' lang='lat' dir='ltr'>ordines</span> <span class='ocrx_word' id='word_1_390' title='bbox 1493 2669 1651 2697; x_wconf 83' lang='lat' dir='ltr'>cerneret</span> 
     </span>
    </p>
   </div>
   <div class='ocr_carea' id='block_1_5' title="bbox 1729 0 1754 3086">
    <p class='ocr_par' dir='ltr' id='par_1_5' title="bbox 1729 0 1754 3086">
     <span class='ocr_line' id='line_1_44' title="bbox 1729 0 1754 3086; baseline 0 0"><span class='ocrx_word' id='word_1_391' title='bbox 1729 0 1754 3086; x_wconf 95' lang='lat' dir='ltr'><em> </em></span> 
     </span>
    </p>
   </div>
  </div>
 </body>
</html>
