1754 3086
236 110 443 148 XXXVIII
747 110 901 150 PETRI
941 109 1141 158 POSSINI

234 233 400 259 mnenae
429 233 506 259 non
533 220 780 259 tolerabilius
799 222 936 261 abesse
960 236 1073 276 posse
1104 236 1226 277 quam
1256 236 1330 261 ver
1355 222 1409 262 ab
1439 236 1559 271 αηηο,
1587 223 1665 275 egit

232 291 388 330 Romae
408 304 482 344 per
507 291 655 329 litteras
680 300 717 330 et
741 301 860 331 certos
886 294 1058 332 homines
1087 307 1175 332 cum
1205 293 1246 332 E
1248 294 1526 333 minentissimo
1558 294 1663 333 Car-

232 359 366 398 dinali
404 361 629 402 Francisco
673 362 920 412 Barhertno,
952 363 1141 417 Principe
1169 363 1362 403 iuvandis
1391 365 1531 403 litteris
1558 374 1663 415 nato,

229 437 271 468 ut
296 429 330 467 si
355 442 466 483 quem
493 430 794 484 locupletissima
822 446 893 470 sua
916 433 1102 471 librorum
1120 442 1292 472 veterum
1311 443 1348 474 et
1375 435 1663 475 rarissimorum

221 514 327 553 penu
357 499 498 538 Annae
529 500 743 540 Comnenae
772 503 951 541 codicem
979 503 1159 553 haberet,
1180 504 1267 542 eius
1304 504 1462 557 copiam
1488 503 1546 542 ad
1574 504 1662 543 edi-

226 572 371 610 tionem
412 570 567 610 Praelis
603 573 731 626 Regiis
769 587 819 613 ne
862 573 1108 612 commodare
1148 581 1393 626 gravaretur.
1467 572 1583 613 Misit
1628 575 1662 613 is

224 643 363 679 statim
391 642 535 681 librum
562 643 605 682 in
633 645 772 682 charta
815 646 1005 698 scriptum
1044 658 1122 682 non
1149 645 1317 698 antiqua
1344 657 1477 694 manu,
1505 657 1578 684 nec
1599 644 1663 682 in-

224 721 398 763 tegrum.-
437 713 509 751 sed
534 712 666 752 Lucae
694 714 897 753 IIolstenii
938 715 1022 752 viri
1056 714 1280 754 doctissimi
1306 713 1556 752 Barberinae
1588 712 1664 766 Bi,

224 783 435 823 bliotlzecae
466 785 665 824 curatoris
693 785 901 837 diligentia
932 786 1054 824 solers
1072 783 1249 837 fecerat,
1282 793 1324 823 ut
1341 785 1431 824 usui
1459 798 1539 823 esse
1561 799 1663 839 pene

217 868 296 908 pro
322 857 472 908 integro
493 865 635 910 posset.
689 856 734 896 Is
764 854 938 893 codicem
962 856 1063 893 hunc
1087 856 1220 894 multis
1248 855 1343 893 locis
1370 854 1546 893 mutilum
1573 868 1660 893 cum

223 927 306 965 alio
340 935 561 980 pervetusto
591 928 633 965 in
659 926 915 975 membranis,
963 926 1195 980 imperfecto
1240 934 1279 964 et
1316 927 1402 980 ipso
1430 926 1661 980 lacunisque

220 997 454 1045 deformato,
485 1012 597 1053 quem
627 1006 717 1036 ante
744 998 812 1036 lios
835 1010 987 1052 paucos
1016 1011 1160 1035 menses
1189 997 1232 1036 in
1254 997 1501 1036 Bibliotheca.
1520 996 1660 1036 Medi..

219 1082 293 1108 cea
323 1069 550 1107 Florentiae
571 1068 672 1118 vidi,
704 1068 992 1106 accuratissime
1010 1068 1247 1106 contulerat:
1276 1081 1326 1106 ac
1354 1068 1448 1116 quia
1475 1081 1552 1106 non
1563 1068 1664 1118 sere

219 1139 359 1178 iisdem
385 1140 479 1178 locis
507 1139 623 1177 ambo
650 1139 843 1193 eaeempla
861 1136 1104 1192 deficiebant,
1125 1139 1243 1176 unius·
1263 1138 1426 1176 hiatibus
1455 1152 1510 1176 ex
1537 1137 1661 1175 altero

218 1210 446 1264 explendis,
478 1224 556 1249 non
572 1212 716 1263 exiguo
737 1225 806 1249 nec
827 1225 974 1265 parum
1002 1210 1113 1249 nobis
1127 1208 1402 1264 praedicando
1430 1208 1564 1246 labore
1590 1222 1658 1247 suo

215 1284 402 1335 proxime
437 1283 700 1334 integritatem
737 1282 987 1335 perduxerat
1015 1282 1279 1320 Barberinum
1307 1280 1517 1329 codicem,·
1547 1294 1660 1334 quem

198 1353 507 1411 =Illustrissimus
539 1351 818 1391 Cancellarius
860 1353 921 1392 ad
947 1367 986 1391 se
1020 1353 1145 1391 Roma
1169 1353 1394 1406 perlatum,
1419 1353 1482 1390 cui
1509 1360 1660 1391 verten-

221 1423 316 1462 dum
347 1422 495 1462 Latine
524 1423 704 1474 traderet,
732 1438 810 1463 non
839 1423 909 1463 diu
936 1425 1122 1478 quaesiit.
1180 1423 1427 1475 Magnarum
1452 1431 1511 1460 est
1534 1430 1572 1460 et
1599 1436 1662 1460 re-

219 1495 356 1547 gendis
384 1495 498 1533 terris
522 1509 549 1534 a
575 1495 680 1534 coelo
702 1505 936 1550 paratarum
955 1498 1149 1546 mentium,
1181 1497 1288 1535 nihil
1307 1495 1498 1550 quamvis
1525 1495 1661 1533 obscu-

222 1579 308 1603 rum
327 1574 444 1619 atque
463 1565 609 1603 humile
635 1566 796 1604 nescire.
853 1565 983 1618 Igitur
1007 1567 1085 1604 mei
1110 1579 1260 1620 quoque
1277 1567 1445 1604 nominis
1473 1565 1661 1620 quadam

222 1652 338 1691 usque
365 1638 422 1675 acl
446 1638 558 1676 istum
587 1638 736 1691 apicem
759 1637 875 1688 ⁴forte
901 1637 1068 1691 appulsa
1104 1639 1318 1686 mentione,·
1346 1651 1430 1676 cum
1453 1646 1660 1689 praeterea

223 1717 505 1748 memoraretur
537 1724 598 1748 me
624 1723 783 1763 operam
818 1710 912 1748 olim
944 1711 1119 1765 aliquam
1157 1711 1201 1749 in
1234 1709 1453 1765 quaerendo
1488 1711 1662 1763 posuisse

227 1779 268 1816 T
263 1779 420 1817 olosano
457 1779 582 1818 Fabri
624 1780 791 1830 Codice3
843 1782 1152 1836 voluntatemque
1193 1781 1398 1827 ostendisse
1437 1779 1663 1820 Alexiados

221 1850 555 1904 interpretandae,
577 1851 768 1902 negotium
790 1852 919 1888 statim
945 1851 1077 1889 datum
1096 1859 1151 1890 est
1166 1851 1319 1889 honesto
1345 1851 1386 1888 in
1406 1849 1548 1904 primis
1572 1850 1661 1888 viro

221 1920 451 1960 Sebastiano
483 1922 688 1973 Cramoisy
726 1920 905 1975 Officinis
940 1922 980 1960 T
966 1924 1240 1977 ypographiae
1267 1923 1408 1974 Regiae
1446 1921 1662 1971 Praefecto,

221 1992 401 2031 mittendi
425 1993 717 2046 quamprimum
746 1993 804 2032 ad
829 2007 890 2031 me
917 2007 1044 2032 recens
1073 1993 1190 2031 allati
1201 1993 1326 2031 Roma
1347 1991 1526 2030 Codicis:
1555 1990 1666 2045 quod

222 2063 291 2102 ille
308 2063 399 2118 fide
425 2077 577 2102 summa
591 2093 604 2113 ‚
632 2077 743 2102 mora
784 2065 894 2103 nulla
915 2065 1118 2118 praestitit,
1148 2063 1340 2102 adiunctis
1366 2063 1501 2101 litteris
1527 2063 1661 2117 quibus

223 2134 477 2187 significabat,
507 2143 660 2186 gratum
687 2148 768 2184 me,
797 2135 1064 2189 Amplissimo
1100 2135 1344 2173 Cancellario
1355 2135 1583 2186 facturum,
1611 2134 1658 2183 si,

221 2204 329 2259 quod
345 2205 517 2258 primum
543 2212 758 2258 suppeteret
781 2206 924 2255 otium,
951 2204 993 2243 in
1028 2205 1242 2243 versionem
1269 2203 1482 2244 Alexiadis
1508 2206 1660 2255 conser-

221 2286 315 2312 rem.
370 2273 497 2312 Eram
525 2287 594 2325 ego
618 2282 698 2313 tum
725 2275 833 2313 haud
851 2289 997 2329 parum
1023 2274 1188 2313 diversis
1217 2288 1416 2314 sacrarum
1443 2276 1659 2315 litterarum

221 2344 356 2383 studiis
382 2345 605 2383 immersus.-
629 2346 858 2399 primusque
887 2347 956 2384 ille
987 2359 1033 2384 ac
1061 2345 1243 2384 iuvenilis
1261 2346 1386 2384 ardor
1410 2359 1554 2400 operae
1579 2361 1658 2386 na-

222 2414 379 2454 vandae
405 2415 448 2454 in
470 2415 642 2455 Graecis
669 2417 991 2470 interpretandis,
1020 2424 1058 2455 et
1086 2425 1256 2469 tempore
1283 2417 1366 2470 ipso
1390 2426 1655 2466 consenuerat,

223 2494 263 2524 et
290 2487 544 2541 experientia
571 2488 775 2527 molestiae
819 2501 1069 2542 nequaquam
1097 2489 1198 2540 pari
1208 2488 1354 2538 fructu
1381 2497 1659 2540 compensatae

214 2571 326 2611 ,quae
352 2559 568 2612 pertricoso
609 2560 675 2598 isti
714 2561 867 2616 negetio
895 2559 1017 2608 inest,
1056 2559 1281 2609 refrixerat
1308 2573 1402 2598 sane
1421 2559 1656 2612 plurimum.

228 2629 381 2669 Tamen
408 2631 629 2670 reverentia
647 2629 868 2671 venenandi
883 2631 1050 2670 nominis
1066 2632 1275 2679 instinctus,
1297 2629 1472 2670 ‘sublatis
1502 2638 1656 2685 repente
