1754 3086
639 134 947 177 DEDICATIO.
1339 135 1502 176 xxxin

52 221 136 310 5³:211
167 249 207 289 in
237 247 388 298 Gallia,
428 247 528 287 nihii
562 247 601 287 in
632 249 869 300 Germania,
899 247 999 287 nihil
1028 249 1184 302 uspiam
1210 247 1506 303 Cisalpinarum

77 321 255 375 gentium
295 318 380 373 spei
416 324 486 358 aut
513 318 700 372 praesidii
730 318 781 358 ad
807 321 965 359 Annam
998 333 1092 370 esse,
1117 320 1156 358 in
1188 319 1343 360 ltaliam
1369 325 1504 360 trans-

80 392 190 432 volas
210 420 224 442 ,
251 391 404 431 Romae
433 404 519 430 rem
549 405 695 442 curas,
736 392 975 430 accersitum
1004 390 1098 430 inde
1127 390 1317 431 codicem
1347 391 1505 432 Biblio-

78 460 219 504 thecae
243 461 490 502 Barberinae
518 475 598 500 non
629 461 830 516 optimum
851 467 922 501 aut
946 462 1253 516 integerrimum
1281 463 1395 503 illum
1411 463 1507 518 qui-

52 532 182 584 hdem,
210 539 344 573 tamen
387 532 588 572 eiusmodi
617 547 700 587 quo
731 534 943 587 Interpres
991 547 1074 573 non
1113 534 1259 584 hebes,
1287 549 1361 574 nec
1386 537 1509 588 plane

68 604 288 658 ,imperitus
318 605 520 644 consolari
550 604 794 645 desiderium
814 605 993 645 melioris
1011 611 1160 659 posset,
1187 619 1279 645 cum
1313 605 1508 645 nonnulla

71 675 221 737 ‚fiducia
251 689 404 729 operae
433 675 664 724 navandae;
699 676 877 728 allatum,
904 677 1084 731 inquam,
1115 676 1166 716 ad
1197 683 1238 716 te
1265 677 1394 717 Roma
1422 677 1509 717 Lu-

55 734 216 789 'tetiam
245 747 445 788 eiusmodi
473 747 655 788 codicem
684 748 736 788 ad
765 763 830 788 me
859 748 1049 789 Tolosam
1078 748 1216 788 mittis.
1274 748 1408 788 Affixis
1429 749 1508 787 im-

68 817 320 873 ,plicitusque
349 825 438 859 tum
465 833 579 859 eram
608 819 715 859 curis
744 826 851 870 toto,
883 824 928 859 ut
955 820 1012 860 ita
1042 819 1197 869 dicam,
1229 819 1340 860 caelo
1369 818 1509 859 diver..

74 890 151 941 ⁸⁵³3
180 903 312 944 neque
339 890 385 930 iis
418 897 487 930 aut
516 905 687 930 numero
717 892 867 944 paucis,
896 897 967 931 aut
995 905 1144 946 genere
1175 891 1345 931 levibus.
1403 891 1510 931 Hinc

76 961 251 1011 Marcus,
281 961 504 1017 Lucasque,
533 962 741 1003 Matthaeo
766 963 845 1002 iam
887 963 1073 1016 perfecto
1101 964 1342 1017 promissam
1383 977 1509 1016 repo-

73 1033 240 1074 scebant
269 1047 450 1087 operam.
507 1034 681 1074 Aliunde
708 1034 867 1074 divinae
899 1035 1060 1074 litterae
1089 1034 1363 1088 professorem
1395 1048 1511 1074 suum

74 1105 166 1146 iure
195 1119 318 1145 manu
349 1113 582 1147 consertum
612 1106 806 1147 tenebant
835 1120 886 1146 ne
915 1106 966 1146 ad
991 1106 1195 1146 humanae
1222 1106 1418 1146 historiae
1446 1107 1511 1145 in..

74 1178 410 1230 terpretationem
449 1177 751 1218 descenderem.
820 1177 1009 1232 Denique
1046 1184 1164 1231 cepta
1209 1178 1311 1218 varii
1354 1179 1513 1232 generis

60 1247 288 1302 *complura
318 1248 534 1288 clausulam
576 1248 931 1302 colophonemque
963 1247 1215 1302 flagitabant.
1273 1249 1383 1298 Quid
1415 1263 1512 1302 age-

77 1319 191 1358 rem?
246 1324 315 1359 tua
351 1320 560 1360 Mecaenas
602 1319 708 1359 haud
739 1319 870 1359 mollia
898 1321 1012 1360 iussa.
1084 1319 1256 1359 induciis
1287 1326 1511 1372 utcumque

71 1389 326 1443 impetratis;
364 1397 404 1430 et
431 1391 543 1445 quasi
585 1392 634 1430 ab
666 1391 972 1446 urgentioribus
1016 1391 1270 1431 creditorum
1298 1405 1414 1430 mora
1444 1406 1511 1432 so..

70 1459 238 1500 lationis
269 1468 443 1511 exorata,
475 1467 608 1502 totum
639 1464 779 1502 Annae
807 1477 871 1502 me
904 1462 1044 1512 tribui,
1076 1468 1210 1502 totum
1238 1462 1438 1516 impendi:
1468 1470 1510 1503 et

70 1537 206 1572 totum
236 1533 290 1572 ita
319 1547 381 1572 res
411 1533 603 1586 poscebat
625 1540 670 1574 ut
692 1548 765 1574 nec
789 1539 894 1574 totus
918 1533 1155 1574 sufficerem.
1214 1534 1258 1573 In
1287 1534 1509 1587 scriptione

72 1603 216 1657 passim
263 1604 419 1644 ineerta
461 1605 694 1658 exemplaris
731 1606 996 1645 tumultuaria
1023 1605 1242 1646 collatione
1270 1605 1506 1645 concinnati

70 1674 310 1715 coniectura
339 1683 380 1716 et
406 1676 634 1730 suspicione
664 1676 859 1716 utendum
887 1676 1130 1730 plurimum.
1185 1677 1372 1716 Lacunae
1398 1675 1506 1716 divi-

72 1746 302 1786 nationibus
330 1748 590 1802 supplendae.
648 1747 881 1788 Cavendum
914 1762 963 1788 ne
992 1748 1111 1802 longe
1141 1748 1394 1788 ornatissima
1423 1748 1506 1788 Co-

70 1831 241 1858 mnenae
268 1819 405 1858 oratio
446 1819 566 1858 nimis
596 1819 795 1873 inaequali
835 1819 1014 1859 versioni
1041 1820 1208 1860 Latinae
1238 1834 1506 1873 comparare·-

71 1894 161 1936 tur;
192 1903 273 1928 non
304 1890 458 1930 minori
486 1891 646 1931 fastidio
676 1891 940 1945 convitioque
959 1891 1187 1944 oculorum,
1218 1905 1339 1945 quam
1364 1890 1396 1930 si
1425 1891 1504 1930 ho·-

69 1958 259 2000 losericus
287 1961 378 2001 viva
406 1976 592 2016 purpura
613 1963 745 2002 lucens
765 1976 921 2016 pannus
951 1976 1066 2003 sacco
1097 1963 1257 2002 cilicino
1288 1969 1360 2002 aut
1387 1961 1501 2016 pullo

70 2033 236 2072 centeni
255 2038 496 2073 assueretur.
526 2034 762 2073 Verendum
783 2047 832 2074 ne
862 2034 989 2088 (quod
1007 2048 1154 2088 parum
1175 2034 1318 2074 vitasse
1345 2033 1503 2088 aliquos

70 2104 235 2158 querela
262 2104 487 2145 multorum
514 2108 584 2154 est)
615 2105 996 2158 interpretationem
1024 2106 1208 2146 Latinam
1236 2107 1414 2146 facerem
1445 2107 1500 2144 si..

69 2173 203 2214 milem
230 2175 375 2215 setacei
404 2175 587 2226 cribelli‚
629 2176 740 2230 quod
781 2176 972 2216 immissae
1011 2176 1053 2216 in
1091 2175 1300 2217 cerniculo
1345 2176 1502 2216 farinae

69 2244 213 2286 florem
233 2246 363 2299 ipsum
390 2261 437 2286 ac
464 2261 612 2300 purum
632 2247 825 2301 pollinem
850 2248 1103 2300 transmittit,
1131 2248 1305 2287 furfures
1335 2261 1382 2286 ac
1409 2261 1499 2287 sor..

70 2315 139 2357 des
169 2330 299 2357 meras
339 2318 489 2358 retinet
531 2323 571 2358 et
598 2318 773 2358 exhibet.
836 2317 897 2357 Ad
924 2318 1024 2359 haec
1056 2319 1252 2373 quoniam
1282 2318 1321 2358 in
1356 2318 1499 2358 Caesa-

69 2387 189 2427 rissac
217 2388 407 2428 familiam
448 2389 612 2429 nomine
639 2396 762 2443 atque
801 2395 1084 2430 autoramento
1112 2390 1351 2443 interpretis
1382 2396 1499 2429 tran-

68 2458 304 2505 scribebar;
339 2460 511 2500 tenenda
543 2460 600 2499 vis
644 2460 759 2500 huius
790 2459 925 2510 officii,
955 2461 1068 2514 quod
1095 2461 1214 2515 quale
1238 2461 1301 2510 sit,
1331 2474 1377 2500 ex
1405 2474 1498 2501 mu-

67 2527 143 2567 niis
172 2529 346 2569 eiusdem
375 2530 544 2583 generis,
576 2531 864 2584 principalium
891 2531 1116 2570 scribarum
1151 2537 1192 2571 et
1220 2530 1496 2584 palatinorum

67 2600 488 2641 commentariensium
520 2607 654 2655 potest
685 2602 865 2656 intelligi.
923 2602 972 2641 lis
1001 2602 1126 2656 Reges
1151 2602 1407 2654 Reginaeque
1436 2600 1496 2640 uti

68 2669 199 2710 solent
241 2669 290 2709 ad
325 2671 558 2712 scribendas
594 2687 691 2726 quas
732 2686 1060 2727 quoquoversum
1098 2671 1293 2711 missitant
1328 2669 1492 2719 litteras,

161 2755 267 2787 Anna
293 2752 482 2789 Comnena.
1189 2752 1239 2769 ”³
