1754 3086
221 75 334 140 420
667 92 852 133 ANNAE
897 90 1190 134 COMNENAE

182 193 458 236 (ζσυνείποντο
485 193 616 248 αὐτῷ.
671 190 742 233 τὸν
763 190 902 245 Φάρον
927 192 1065 234 τοίνυν
1093 189 1354 242 καταλαβών,
1381 193 1440 239 εἷς
1468 191 1558 246 φῶς
1585 189 1658 246 τήν

221 260 374 311 σκῆψιν
404 256 625 312 προήγαγε.
691 260 765 298 καί
807 256 1114 309 α’ναλαβόμενος
1150 254 1196 297 τὸ
1238 257 1405 298 παιδίον
1434 256 1506 297 καί
1526 257 1655 309 ἐμβα-

221 321 304 364 λών
334 323 393 370 εἰς
425 321 608 377 ὁλκάδα,
650 325 705 380 τῷ
745 326 819 364 τοῦ
850 323 1022 364 Πόντου
1065 321 1193 378 ῥοθίῳ
1229 317 1379 363 ἑαυτόν
1409 337 1452 364 τε
1483 321 1556 365 καί
1581 321 1656 364 τὸν

221 386 315 429 υἱὸν
343 389 542 442 ἐπαφῆκε.
615 387 871 443 μεμαθηκώς
910 390 954 429 δὲ
984 389 1106 428 τοῦτο
1147 386 1167 427 ὅ
1197 385 1479 442 αὐτοκράτωρ,
1505 388 1655 428 θᾶττον

221 449 249 507 ἦ
277 452 394 507 λόγος
437 452 654 508 δρομάδας
694 457 796 507 νῆας
821 459 905 494 κατ’
945 453 1079 493 αὐτοῦ
1109 454 1347 507 ἐξέπεμψεν,
1376 451 1692 504 ἐντειλάμενοςό

221 525 306 567 τοῖς
336 520 634 573 α’περχομένοις
675 522 731 576 τῷ
759 522 835 573 μὲν
871 520 1020 575 Γαβρᾷ
1045 517 1118 566 τὰς
1145 517 1245 573 πρὸς
1275 516 1400 558 αὐτὸν
1428 515 1656 571 ἐγχειρίσαι

221 583 410 640 γραφάς,
457 583 504 626 τὸ
537 585 582 626 δὲ
621 587 788 626 παιδίον
830 587 1010 626 σπεῦσαι
1050 581 1152 636 μετά
1197 584 1285 636 τῆς·
1309 584 1465 624 ἐκείνου
1494 580 1657 636 γνώμης

221 651 539 705 α’ναλαβέσθαι,
579 654 618 693 εἰ
642 650 698 706 μὴ
742 646 824 704 ἄρα
855 648 1011 703 ἐχθρὸν
1052 648 1125 690 τὸν
1156 646 1439 702 αὐτοκράτορα
1467 643 1657 700 βούλοιτο

222 716 453 770 ἐσχηκέναι.
511 715 873 769 καταλαμβάνουσι
902 717 1039 756 τοίνυν
1070 709 1227 761 αὐτούς
1257 711 1294 754 οἱ
1321 711 1564 760 ἀπελθόντες
1592 709 1658 752 ἕν-

177 784 295 822 Βθεν
320 784 392 835 τῆς
405 782 581 836 Αἰγίνου
609 782 767 829 πόλεως
794 779 898 822 κατὰ
927 779 1001 834 τήν
1018 779 1137 820 πόλιν
1167 778 1239 834 τὴν
1267 777 1424 820 οὑτωσί
1449 775 1658 832 ἐγχωρίως
1676 795 1724 823 ιο

223 846 455 901 Κάραμβιν
495 850 759 901 καλουμένην.
828 848 898 887 καί
927 844 978 899 δὴ
1007 844 1084 893 τάς
1111 842 1332 896 βασιλικάς
1360 845 1660 897 ἐγχειρίσαντες

220 911 399 967 γραφάς,
430 914 484 953 δι’
517 907 575 954 ὧν
608 909 918 966 ὃαῦτοκράτωρ
952 914 1157 966 ἐνέφαινε,
1185 913 1264 965 μιᾷ
1291 912 1371 951 τῶν
1399 911 1509 962 ἐμῶν
1536 908 1659 950 ἀδελ-

222 979 316 1031 φῶν
343 978 389 1018 τὸ
424 979 589 1019 παιδίον
606 978 837 1031 βούλεσθαι
855 977 1132 1030 συναρμόσαι,
1161 976 1232 1017 καί
1259 973 1390 1016 πολλοὶ
1420 971 1524 1016 ἅττα
1555 971 1661 1028 πρὸς

223 1041 354 1083 αὐτὸν
384 1041 634 1098 ὡμιληκότες
663 1046 881 1084 πείθουσιν
907 1044 1119 1094 ἐκπέμψαι
1145 1040 1216 1083 τόν
1246 1040 1350 1085 υἱόν.
1407 1037 1530 1093 ὅνπερ
1559 1042 1662 1080 θεα-

221 1107 399 1159 σάμενος
428 1107 449 1149 ό
481 1105 754 1161 αὐτοκράτωρ
784 1110 856 1149 καί
899 1106 969 1149 διά
1001 1110 1082 1149 τῶν
1111 1104 1307 1161 συνήθων
1338 1103 1558 1161 ἐγγράφων
1586 1103 1726 1157 ped-15

220 1191 302 1215 νων
327 1174 440 1229 τάχα
471 1174 515 1216 τὸ
548 1173 818 1228 συνάλλαγμα
855 1172 1112 1226 ἐμπεδώσας,
1142 1174 1390 1229 παιδαγωγῷ
1417 1172 1663 1227 παραδέδω-

222 1255 290 1280 κεν
319 1237 381 1281 ἑνί
407 1243 489 1281 τῶν
519 1243 590 1294 τῆς
618 1240 831 1292 βασιλίδος
860 1238 1145 1294 θεραπόντων,
1180 1237 1363 1292 Μιχαὴλ
1390 1238 1448 1294 τῷ
1476 1238 1659 1294 ἐκτομίᾳ,

223 1301 318 1361 2529*
348 1302 459 1347 οὕτω
502 1305 600 1358 περὶ
632 1304 682 1347 τά
723 1303 932 1358 α’νάκτορα
976 1305 1289 1357 ἐνδιατρίβοντα
1339 1305 1490 1357 πολλῆς
1519 1304 1663 1354 ἐπιμε-

92 1383 130 1414 V.
149 1391 207 1424 191
225 1374 337 1420 λείας
365 1371 495 1426 ἠξίου,
523 1368 574 1412 τά
592 1386 635 1412 τε
651 1366 734 1425 ἤθη
751 1369 1049 1423 διορθούμενος
1075 1372 1145 1410 καί
1161 1371 1297 1410 πᾶσαν
1315 1370 1509 1410 παιδείαν
1536 1384 1663 1421 στρα-

225 1435 416 1490 τιωτικὴν
455 1435 718 1477 ἐκδιδάσκων.
787 1435 908 1476 ὁποῖα
939 1437 984 1476 δὲ
1024 1433 1074 1476 τά
1104 1436 1185 1475 τῶν
1214 1436 1339 1484 νέων,
1374 1432 1430 1487 μή
1461 1431 1661 1487 βουλόμε-
1675 1452 1729 1480 20

90 1516 126 1547 P.
147 1515 212 1559 242
226 1517 295 1550 νος
323 1499 429 1550 ὅλως
456 1496 780 1542 ὑποτάσσεσθαί
796 1516 891 1553 τινι,
922 1502 1077 1555 ἠνιᾶτο,
1106 1499 1162 1549 ὡς
1188 1499 1245 1555 μὴ
1276 1496 1563 1554 προσηκούσης
1590 1500 1664 1553 δῆ-

325 1640 357 1672 5.
383 1639 586 1685 ἐξέπεμψεν
611 1638 692 1679 CG,
719 1638 921 1684 ἐξέπεμπεν
948 1639 983 1671 Ρ.
1102 1638 1134 1671 6.
1161 1637 1431 1684 ἐπαρχομένοις
1453 1636 1488 1677 Ρ,
1512 1635 1663 1681 ἐπερχο-

319 1689 449 1732 μένοις
473 1688 514 1726 G,
541 1690 633 1718 reete
658 1686 695 1719 C.
838 1686 962 1730 Γιιυρᾷ
981 1685 1012 1717 G
1037 1683 1093 1717 hie
1117 1690 1153 1717 et
1178 1685 1278 1717 iufra.
1435 1693 1467 1725 9.
1495 1682 1600 1716 αὐτοι
1625 1683 1663 1715 C.

328 1744 377 1765 ιι.
403 1731 577 1777 Κάραβιν
601 1732 673 1764 CG.
745 1743 796 1778 ¹7·
821 1731 895 1769 τῶν
921 1731 1000 1764 add.
1027 1731 1063 1764 C.
1141 1742 1190 1776 ¹9·
1220 1730 1288 1773 ἤθη
1314 1729 1386 1771 CG,
1411 1728 1476 1772 ἤδη
1498 1729 1532 1763 P.
1607 1739 1663 1761 αι,

323 1779 434 1822 δῆθεν
464 1778 545 1811 add.
573 1778 610 1811 C.

232 1915 307 1936 rum
332 1903 487 1943 animos,
521 1913 630 1948 seque
665 1908 705 1936 ut
730 1903 1000 1944 comitarentur,
1030 1903 1148 1936 evicit.
1207 1902 1354 1935 Pharum
1381 1901 1430 1934 sic
1455 1906 1665 1946 provectus,

233 1950 322 1995 quid
346 1950 477 1989 vellet,
514 1950 698 1994 patefecit.
755 1961 835 1982 nam
862 1955 1002 1994 arrepto
1041 1961 1150 1994 puero
1180 1954 1215 1982 et
1250 1950 1286 1981 in
1322 1949 1517 1981 onerariam
1543 1959 1666 1980 navem

234 1998 414 2036 coniecto,
451 1997 555 2028 maris
589 1996 754 2028 fluctibus
790 2008 827 2028 se
866 1997 1051 2040 filiumque
1091 1996 1276 2029 commisit.
1327 1995 1426 2040 quod
1452 1995 1666 2040 simulatque

233 2045 426 2088 imperator
453 2043 637 2086 cognovit,
661 2043 756 2075 dIcto
776 2044 880 2075 citius
906 2044 1040 2075 celoces
1065 2043 1173 2083 misit,
1195 2041 1396 2075 vectoribus
1421 2041 1600 2081 mandans,
1627 2046 1669 2074 ut

234 2091 374 2122 Gaui-ae
400 2090 536 2122 litteras
560 2089 606 2121 ad
630 2100 709 2122 euin
735 2089 834 2122 datas
863 2090 1063 2129 redderent,
1088 2100 1307 2134 puerumque
1333 2090 1410 2120 sine
1428 2099 1525 2120 mora
1549 2087 1592 2120 ab
1623 2099 1666 2120 eo

234 2142 458 2181 repeterent3
483 2137 538 2168 sin
562 2142 726 2180 negaret,
754 2138 879 2181 utique
917 2137 1134 2169 minarentur
1161 2136 1298 2168 hostem
1325 2135 1393 2180 ipsi
1418 2135 1668 2179 imperatorem

235 2184 324 2216 sore.
384 2188 624 2227 assequuntur
663 2184 816 2216 Gauram
853 2184 938 2215 citra
962 2184 1134 2226 Aeginum
1163 2182 1308 2221 urbem,
1349 2180 1394 2213 ad
1423 2181 1591 2225 oppidum
1623 2180 1667 2213 ab

236 2230 413 2273 indigenis
439 2229 634 2262 Carambim
661 2230 890 2274 appellatum.
941 2231 1058 2262 statim
1086 2229 1239 2262 reddunt
1277 2229 1497 2272 imperatoris
1521 2228 1670 2268 litteras,

237 2277 367 2322 quibus
406 2286 444 2308 se
486 2287 644 2309 sororum
683 2287 837 2308 mearum
878 2287 983 2308 unam
1008 2287 1119 2321 puero
1154 2278 1191 2308 in
1227 2275 1488 2307 matrimonium
1506 2273 1670 2307 daturum

239 2321 476 2367 significabat,
504 2327 540 2355 et
566 2323 687 2355 multis
718 2322 762 2355 ad
800 2333 879 2355 eum
908 2323 1022 2355 verbis
1061 2323 1173 2363 factis,
1205 2322 1350 2354 tandem
1376 2320 1602 2365 persuadent,
1631 2326 1671 2354 ut

239 2371 352 2404 {ilium
373 2370 578 2402 remitteret.
616 2380 720 2413 quem
746 2375 785 2402 ut
808 2370 998 2413 imperator
1024 2369 1115 2402 vidit
1139 2375 1175 2402 et
1200 2369 1368 2412 legitimis
1391 2368 1505 2400 solum
1533 2368 1671 2411 pactio·
1730 2398 1738 2411 ,7

238 2417 346 2450 nibus
370 2416 540 2448 continuo
567 2416 710 2460 nuptias
738 2417 901 2455 firmavit,
928 2416 1132 2460 paedagogo
1158 2427 1306 2461 puerum
1336 2414 1494 2454 tradidit,
1520 2413 1672 2446 famulo-
1723 2419 1733 2430 ’-

241 2476 316 2497 rum
349 2463 579 2507 imperatricis
610 2463 689 2502 uni,
734 2462 901 2494 Michaeli
935 2464 1109 2495 eunucho.
1170 2474 1210 2495 ac
1234 2463 1345 2495 multa
1375 2460 1503 2494 dehinc
1527 2471 1606 2492 eum
1635 2461 1674 2493 in
1722 2467 1725 2471 ’

240 2511 375 2555 palatio
401 2514 675 2542 commorantem
698 2520 781 2541 cura
811 2510 1032 2553 complexus,
1072 2515 1107 2542 et
1130 2520 1244 2541 mores
1272 2508 1508 2541 adolescentis
1531 2506 1576 2539 ad
1602 2506 1673 2539 hu-
1723 2512 1728 2515 ⁷

242 2558 449 2590 manitatem
473 2556 685 2596 informavit,
711 2561 748 2588 et
771 2556 955 2589 universae
982 2557 1030 2588 rei
1064 2556 1226 2588 militaris
1252 2555 1399 2588 scientia
1424 2552 1574 2586 eundem
1603 2553 1671 2586 im-

242 2605 332 2636 huit..
379 2614 501 2635 verum
525 2608 565 2635 ut
588 2606 670 2635 sunt
706 2613 894 2646 puerorum
928 2603 1090 2645 ingenia,
1126 2615 1203 2635 cuin
1228 2613 1350 2647 parere
1376 2611 1516 2645 prorsus
1543 2600 1670 2639 nollet,
1734 2623 1742 2630 η.

241 2650 504 2693 indignabatur,
540 2649 639 2694 quod
667 2649 751 2682 iusti
778 2649 916 2682 scilicet
947 2649 1016 2681 sibi
1049 2649 1201 2682 honores
1229 2660 1302 2683 non
1325 2648 1553 2682 haberentur.
1600 2646 1671 2680 hue
1727 2642 1734 2689 J
