1754 3086
146 74 256 139 460
585 89 768 132 ANNAE
810 89 1106 132 coMNENAE

149 186 329 245 Οὕρεσιν
363 189 618 241 καλούμενον
650 189 944 244 καίΣτέφανον
974 188 1047 229 τόν
1071 186 1301 239 Romanor,
1322 191 1394 232 καί
1419 187 1582 243 ἑτέρους

144 254 218 296 τὸν
254 253 382 296 εἴκοσι
418 252 601 309 ἀριθμὸν
641 255 993 309 α’ποπληροῦντας.
1059 251 1109 294 οὕ
1150 252 1229 308 γὰρ
1272 253 1362 296 ἐνὸν
1391 251 1442 309 ἧν
1472 258 1584 311 αὐτῷ

8 315 280 369 Ἷ.αιοᾶ’λλως
323 337 412 369 πως
439 321 513 361 τοῦ
557 323 705 360 λοιποῦ
742 318 1086 374 διατεθήσεσθαι.
1164 318 1184 360 ὃ
1230 321 1275 361 δὲ
1309 320 1581 374 αὕτοκράτωρ

146 385 300 428 ὁπόσα
328 386 396 428 διὰ
441 386 583 439 μάχης
609 385 682 426 καί
707 385 878 439 σιδήρου
918 384 1122 426 α’νύεσθαι
1149 387 1345 439 πέφυκεν,
1373 388 1584 440 εἰρηνικῶς

148 451 364 505 διαλύσας,
393 451 496 505 πρὸς
526 451 600 506 τὴν
637 450 945 505 βασιλεύουσαν
973 450 1287 504 ἐπανιέστρεψεν.
1343 455 1419 493 τοῦ
1445 452 1621 503 μέντοιὸ

102 519 368 571 ΒΔιογένους
398 517 567 571 ὲκὴδετο
594 517 722 571 πάνυ,
753 518 824 558 καί
853 514 1046 570 δακρύων
1078 514 1212 570 ὧρᾶτο
1239 519 1309 558 καί
1323 516 1472 569 βύθιον
1493 519 1585 558 στέ·

146 600 227 625 νων
265 585 316 624 δι’
365 582 492 626 αὐτὸν
518 584 748 638 ἑξηκοιίετο.
819 582 974 636 πολλήν
1000 597 1044 622 τε
1071 582 1142 636 τὴν
1187 583 1285 637 περί
1312 582 1438 624 αύτὸν
1467 587 1585 638 φιλο-

146 648 362 703 φροσύνην
390 651 663 701 ἐπεδείκνυτο,
698 647 768 690 καί
796 645 1058 690 ἀνακτᾶσθαι
1095 654 1237 690 τοῦτον
1266 647 1490 701 ἔσπευδεν,
1518 648 1589 690 καί

144 721 228 763 τοῖς
258 718 417 757 πλειόσι
444 718 526 757 τῶν
574 717 617 766 ἐξ
646 717 776 756 αὐτοῦ
805 715 1123 769 ἀφαιρεθέντων
1158 710 1282 763 αὖθις
1311 717 1458 755 τοῦτον
1483 715 1585 755 (ἶπο-

146 783 409 835 namo-myas».
475 780 603 829 αὐτὸς
643 783 688 822 δὲ
717 780 1003 833 κατακώχιμος
1043 779 1126 820 ὑπὸ
1160 782 1234 833 τῆς
1265 780 1395 834 λύπης
1427 777 1485 821 ὢν
1515 782 1649 822 natio

145 845 218 900 τὴν
247 848 290 887 ἐν
329 845 608 900 μεγαλοπόλει
654 844 875 900 διατριβήν
918 845 1305 901 ἀποστρεφόμενος,
1347 852 1434 895 τοῖς
1463 848 1585 895 ἰδίοις

7 922 44 955 P.
65 922 132 955 266
147 912 289 966 ἀγροῖς
316 913 620 967 ἑμφιλοχωραῖν
650 906 713 965 ἦν,
742 917 834 960 ταῖς
861 913 942 952 τῶν
976 913 1164 952 παλαιῶν
1192 915 1465 965 προσανὲχων
1495 911 1585 952 διό-

146 982 220 1018 λου
249 980 434 1030 βίβλοις,
479 973 614 1019 ἄλλων
642 975 1060 1030 ὑπαναγινωσκόντων
1104 979 1230 1033 αὐτῷ.
1315 975 1586 1030 στερούμενος

145 1042 226 1097 γάρ
271 1041 429 1098 φωτός,
477 1040 627 1097 ἑτέρων
663 1044 815 1097 ἐχρᾶτο
857 1041 963 1096 πρὸς
1005 1041 1079 1096 τὴν
1120 1043 1353 1097 ἀνάγνωσιν
1386 1038 1584 1095 ὄμμασιν.

148 1109 252 1163 ἀνὴρ
286 1110 332 1150 δὲ
363 1104 482 1158 οὗτος
505 1110 695 1156 τοσοῦτος
724 1107 797 1162 τὴν
828 1107 968 1164 φύσιν,
998 1106 1053 1157 ὦς
1092 1111 1165 1150 καί
1191 1107 1248 1163 μή
1280 1106 1391 1163 ὄρῶν
1417 1107 1470 1150 τὰ
1500 1114 1586 1158 τοῖς
1605 1108 1651 1149 15

146 1175 272 1229 ὁρῶσι
317 1177 605 1229 δυστέκμαρτα
646 1175 797 1231 ῥᾳδίως
835 1173 1179 1228 καταλαμβάνων.
1247 1177 1386 1216 πᾶσαν
1426 1177 1503 1226 μὲν
1533 1173 1584 1228 δὴ

145 1240 279 1283 ἔκτοτε
320 1243 515 1282 παιδείαν
545 1239 723 1282 διελθών
762 1239 834 1281 καί
859 1239 994 1294 αὐτὴν
1024 1239 1073 1295 δὴ
1108 1239 1181 1294 τήν
1214 1243 1456 1294 περίκλυτον
1482 1255 1588 1294 γεω..

144 1308 345 1365 μετρίαν,
383 1305 428 1348 τὸ
476 1304 741 1361 καινότατον,
771 1304 1017 1361 φιλοσόφων
1058 1308 1143 1347 τινί
1173 1305 1361 1360 ἐντυχών
1396 1304 1464 1347 διά
1494 1322 1588 1348 στε-

144 1375 251 1428 ρεῶν
281 1372 412 1429 τούτῳ
441 1370 493 1413 τὰ
524 1370 723 1426 σχήματα
751 1373 952 1424 παρέχειν
980 1374 1198 1413 ἐπέταττεν
1218 1389 1228 1400 ·
1305 1369 1325 1411 ὅ
1361 1373 1407 1414 δὲ
1434 1374 1486 1429 τῇ
1506 1374 1588 1414 τῶν

144 1440 301 1491 χειρῶν
342 1437 587 1492 ’ψηλαφήσει
630 1435 823 1479 ἁπάντων
853 1440 936 1479 τῶν
964 1440 1038 1491 τῆς
1067 1437 1320 1492 γεωμετρίας
1359 1436 1650 1492 &smyrnaei-20

110 1513 228 1545 Βτων
258 1519 299 1545 τε
339 1502 410 1544 καί
451 1502 677 1556 σχημάτων
714 1501 812 1555 ἔσχε
852 1501 1116 1557 κατάληψιν,
1157 1503 1347 1557 καθάπερ
1379 1505 1532 1551 ἐκεῖνος
1562 1502 1582 1544 ὅ

145 1571 346 1622 Δίδυμος,
375 1567 417 1617 ὃς
446 1571 498 1608 δι’
529 1566 705 1623 ὀξύτητα
735 1571 811 1610 νοῦ
838 1570 910 1610 καί
937 1564 1035 1610 ἄνευ
1063 1567 1262 1622 ὀμμάτων
1289 1571 1492 1625 μουσικῆς
1515 1569 1587 1611 καὶ

245 1731 271 1752 ι.
301 1718 489 1754 Βελκάνον
516 1720 587 1753 CG.
708 1721 741 1753 5.
768 1720 1045 1765 ἐπανέστρεφεν
1071 1719 1141 1752 CG.
1244 1720 1292 1763 14.
1320 1718 1489 1766 ὄμμασιν
1516 1728 1583 1750 om.

239 1767 275 1807 1³,
305 1773 397 1799 recte
423 1767 495 1799 CG.
619 1767 667 1800 15.
693 1765 839 1813 ὁρῶντα
874 1766 955 1806 PG,
980 1777 1046 1799 em.
1078 1765 1325 1800 Brockhoflius.
1415 1767 1466 1800 16.
1507 1765 1586 1810 lege

236 1814 544 1860 καταλαμβάνειν.

144 1953 242 1977 mero
265 1943 405 1986 viginti.
453 1953 571 1987 neque
596 1943 689 1976 enim
715 1943 785 1976 alia
812 1943 1019 1976 conditione
1047 1943 1177 1987 pacisci
1210 1943 1243 1975 ei
1268 1943 1307 1975 in
1329 1947 1510 1987 posterum
1537 1942 1583 1975 li-

145 1990 229 2023 cuit.
280 1995 321 2024 at,
340 1990 555 2032 imperator,
582 2001 672 2034 quae
700 1990 797 2023 bello
827 1991 1004 2035 armisque
1031 1990 1157 2022 confici
1184 1990 1314 2030 solent,
1339 2000 1427 2034 pace
1454 2000 1582 2022 conse-

144 2042 258 2077 cutus,
283 2036 321 2069 in
350 2036 473 2068 urbem
499 2036 614 2070 rediit.
679 2037 847 2081 Diogenis
874 2043 989 2070 autem
1016 2037 1120 2070 rebus
1146 2048 1219 2070 non
1247 2036 1355 2070 desiit
1391 2037 1577 2070 consulere

145 2085 293 2129 eiusque
317 2094 435 2115 casum
464 2083 617 2116 lacrimis
646 2090 682 2117 et
707 2084 839 2128 gemitu
863 2085 1046 2129 prosequi.
1096 2094 1136 2116 ac
1159 2094 1319 2127 magnam
1343 2084 1489 2116 omnino
1516 2082 1582 2116 be-

143 2130 383 2164 nevolentiam
406 2129 544 2163 homini
578 2132 757 2175 praestitit
792 2131 1039 2175 consolarique
1071 2142 1151 2163 eum
1184 2130 1320 2164 studuit
1346 2136 1382 2163 et
1409 2130 1582 2174 pleraque

144 2178 250 2217 bona,
275 2177 403 2222 quibus
427 2177 597 2210 multatus
617 2184 703 2219 erat,
733 2177 849 2211 eidem
874 2178 1042 2211 restituit.
1092 2183 1127 2211 at
1155 2178 1341 2221 Diogenes,
1366 2177 1582 2220 aegritudini

143 2224 344 2268 indulgens,
369 2223 525 2256 urbanae
554 2225 646 2258 vitae
674 2225 757 2257 odio
778 2225 814 2257 in
839 2225 993 2270 praediis
1022 2224 1093 2258 suis
1121 2223 1273 2268 degebat
1298 2230 1334 2257 et
1358 2224 1395 2256 in
1423 2229 1583 2256 veterum

144 2272 283 2315 scriptis
307 2282 411 2304 omne
429 2270 583 2304 studium
609 2272 818 2312 collocabat,
842 2273 920 2305 aliis
949 2273 981 2304 ei
1011 2271 1310 2316 praelegentibus.
1361 2271 1492 2303 etenim
1523 2271 1581 2302 iu-

145 2318 300 2351 minibus
326 2318 497 2363 privatus,
521 2318 648 2351 alienis
677 2318 722 2351 ad
745 2319 935 2362 legendum
952 2318 1121 2352 utebatur
1144 2318 1267 2351 oeulis.
1316 2322 1423 2361 atque
1448 2316 1506 2349 hie
1531 2318 1582 2349 vir

145 2371 245 2398 tanto
270 2370 345 2398 erat
366 2365 525 2409 ingenio,
551 2371 603 2405 ut,
632 2377 711 2398 cum
727 2377 852 2398 caecus
881 2371 982 2406 esset,
1011 2371 1129 2398 tamen
1155 2377 1195 2398 ea
1220 2364 1325 2396 facile
1354 2364 1582 2408 perspiceret,

145 2423 237 2457 quae
265 2412 377 2445 oculis
401 2412 556 2456 praediti
574 2412 633 2445 vix
652 2413 883 2458 perspiciunt.
932 2414 1132 2444 universum
1157 2411 1286 2445 exinde
1312 2411 1582 2455 disciplinarum

145 2459 268 2492 orbem
293 2469 455 2492 emensus
479 2465 533 2492 est
558 2464 664 2504 atque
687 2460 731 2492 ad
756 2460 880 2503 ipsam,
906 2459 1002 2502 quod
1020 2460 1171 2492 maxime
1195 2459 1332 2498 mirere,
1357 2457 1583 2501 geometriam

144 2506 243 2538 illam
268 2506 435 2545 accessit,
463 2505 551 2539 duce
574 2505 791 2551 philosopho
827 2506 980 2551 quodam
996 2531 1007 2547 ,
1036 2517 1141 2551 quem
1166 2505 1234 2538 sibi
1261 2516 1304 2538 ex
1328 2503 1443 2537 solida
1469 2509 1583 2536 mate-

147 2553 199 2584 ria
223 2553 350 2596 figuras
377 2555 561 2586 efformare
589 2553 702 2587 iussit.
751 2563 917 2585 man-uum
939 2554 1032 2585 enim
1051 2552 1332 2586 contrectatione
1353 2550 1470 2582 omnia
1495 2561 1583 2594 geo-

145 2600 292 2632 metriae
315 2599 536 2633 theoremata
560 2605 667 2645 atque
686 2600 812 2644 figuras
837 2599 1173 2644 comprehendebat,
1200 2600 1292 2632 sicut
1314 2597 1484 2640 Didymus
1509 2597 1583 2637 ille,

148 2647 209 2691 qui
236 2646 349 2680 oculis
384 2652 508 2693 captus
546 2647 682 2693 ingenii
707 2646 858 2693 quadam
892 2647 926 2682 vi
951 2658 1118 2680 summam
1149 2646 1234 2680 artis
1259 2645 1412 2679 musicae
1436 2650 1472 2678 et
1500 2654 1584 2688 geo-

545 2711 571 2739 ἱ
