1754 3086
239 142 306 182 XL
759 141 910 180 PETRI
948 139 1148 180 POSSINI

237 253 422 291 sententia
440 253 652 290 necessario
670 251 826 306 reliqua
834 294 842 302 ι
844 254 966 300 fizcta
984 261 1049 298 est,
1070 266 1150 305 qua
1164 252 1407 291 decernerem
1419 269 1431 290 .·
1451 259 1668 291 contextum
1696 259 1714 297 f

239 323 397 376 quidem
441 323 639 361 Graecum
672 323 793 377 plane
835 325 1018 362 intactum
1057 323 1280 377 relinquere
1296 341 1308 361 .-
1361 335 1411 360 ne
1453 323 1670 374 manifestis
1698 362 1704 372 .

237 394 395 447 quz'dem
430 393 675 433 solicitandis
706 394 880 443 mendis,
921 394 1112 448 quamdiu
1142 406 1260 432 verae
1295 394 1474 432 lectionis
1483 392 1670 445 fiendum

235 479 312 503 non
340 464 517 504 haberem
545 465 714 504 maioris
743 466 992 518 antiquitatis
1019 474 1056 503 et
1083 465 1309 503 autoritatis
1330 464 1518 503 codicem.
1548 473 1670 503 totam
1702 482 1706 506 1

240 549 337 574 vero
367 536 603 576 industriam
634 538 676 576 in
719 537 984 576 elaboratione
1012 537 1180 574 Latinae
1203 536 1395 574 versionis
1424 548 1669 590 expromere,
1700 553 1716 595 ⁴:

234 622 325 662 qua,
354 608 518 659 iudicio,
547 610 583 647 si
606 608 714 662 quod
740 617 847 656 esset⁷
880 621 932 647 ac
966 607 1178 660 diligentia
1205 607 1249 645 in
1275 606 1539 646 subsidiorum
1566 605 1615 645 de
1647 633 1669 641 -
1706 599 1714 646 ζ

233 680 414 718 cientium
447 679 576 718 locum
602 679 879 731 subrogandis,
905 679 1117 733 explendis
1145 678 1323 727 hiatibus,
1345 677 1590 730 corrigendis
1615 692 1671 717 ex
1700 682 1704 714 ζ

234 751 464 791 coniectura
492 751 647 789 vitiosis
673 751 782 800 locis,
816 750 941 789 modis
969 750 1135 803 denique
1162 749 1338 788 omnibus
1367 749 1524 803 assequi
1546 761 1670 788 cona-

235 836 311 872 rer,
343 831 386 861 ut
411 823 520 861 nitor
542 823 804 876 primigenius
837 822 968 875 Operi
984 821 1268 876 pulcherrimo,
1294 820 1431 875 quoad
1448 834 1525 874 per
1552 820 1670 874 quin·

235 907 309 947 que
338 894 578 932 saeculorum
607 894 842 947 squalorem,
872 901 911 931 et
935 892 1157 932 exitiabiles
1177 891 1518 943 infestissimorum
1544 891 1671 930 omnis
1699 904 1704 907 ’

234 965 388 1016 generis
427 977 588 1003 casuum
627 965 796 1003 iniurias
833 964 979 1013 liceret,
1011 963 1203 1002 hodierna
1233 962 1402 1001 editione
1428 961 1667 1000 redderetur.

233 1034 302 1073 En
329 1035 432 1088 quid
456 1034 665 1084 voluerim,
690 1048 764 1088 quo
781 1034 957 1073 studium
989 1042 1027 1072 et
1052 1043 1233 1072 conatum
1261 1033 1507 1072 intenderim.
1563 1031 1670 1070 Nam
1694 1031 1699 1063 ἓ

234 1106 373 1158 reipsa
401 1105 498 1159 quid
521 1106 758 1158 perfecerim
772 1133 784 1154 ,
813 1118 891 1143 non
932 1117 1046 1143 meae
1069 1104 1349 1158 professionis,
1378 1112 1488 1152 tuae,
1517 1102 1668 1151 Lector,

234 1177 439 1214 sententiae
465 1176 514 1214 de
530 1177 641 1214 initio
668 1185 736 1214 est.
809 1174 928 1214 Cuius
955 1184 996 1214 ut
1024 1183 1110 1214 'non
1143 1173 1343 1214 eblandiri
1379 1176 1515 1227 gratia
1533 1175 1670 1226 savo·

234 1261 346 1296 rem‚·
372 1248 433 1286 ita
462 1261 532 1285 nec
558 1247 768 1299 deprecari
794 1247 956 1286 abiecta
983 1246 1222 1286 demissione
1247 1247 1492 1286 severitatem
1508 1264 1520 1285 :
1548 1238 1669 1285 multo
1697 1263 1701 1298 ᾗ

235 1326 363 1357 autem
398 1319 524 1357 minus
559 1320 781 1357 contumaci
807 1318 1046 1372 pervicacia
1084 1316 1284 1371 refragari
1317 1331 1501 1356 censurae
1529 1317 1668 1356 velim.
1691 1317 1694 1325 ’

239 1398 349 1428 utere
379 1398 421 1428 ut
445 1389 539 1428 libet
565 1391 649 1428 iure
677 1398 797 1443 atque
823 1389 991 1429 arbitrio
1017 1387 1127 1443 quod
1142 1389 1214 1427 tibi
1236 1403 1320 1441 ego,
1349 1389 1418 1427 vel
1440 1390 1478 1427 si
1501 1402 1578 1428 non
1597 1402 1697 1447 per

236 1475 276 1499 se
302 1468 538 1514 suppeteret,
572 1460 673 1499 ultro
701 1460 892 1511 largirer,
915 1460 1114 1512 probandi
1156 1460 1538 1515 reprehendendique
1565 1460 1676 1515 quod
1692 1483 1696 1494 ›

237 1531 397 1582 dignum
426 1531 600 1573 duxeris.
631 1530 835 1570 Paratum
863 1545 948 1570 ecce
975 1546 1036 1570 me
1063 1532 1105 1571 in
1133 1533 1324 1571 utrumvis
1353 1532 1490 1580 habes3
1515 1540 1553 1570 et
1578 1545 1672 1586 quo-

235 1616 395 1657 cumque
421 1603 509 1640 alea
533 1603 697 1641 verterit
710 1632 721 1652 ‚
756 1604 918 1656 proviso
952 1611 1106 1656 receptu
1134 1603 1371 1657 quieturum.
1433 1602 1672 1657 Gratficari
1696 1620 1698 1624 ’

232 1673 390 1727 publico
418 1674 540 1722 volui,
575 1676 726 1712 servire
754 1675 915 1722 amieis,
943 1673 1106 1728 obsequi
1131 1675 1234 1713 viris
1261 1674 1442 1726 magnis.-
1473 1672 1689 1713 voluntate

235 1759 283 1783 ac
296 1745 392 1799 fide
420 1745 573 1798 optima
600 1746 642 1783 in
667 1746 824 1797 negotio
860 1753 1039 1783 versatus
1063 1758 1160 1785 sum.
1215 1745 1298 1784 Hic
1323 1758 1491 1799 semper,
1515 1752 1672 1784 utcum-

234 1830 307 1870 que
335 1816 426 1855 alia
452 1816 672 1866 ceciderint,
701 1816 972 1856 conscientiam
1001 1817 1230 1856 sustentabit
1247 1818 1421 1869 fluctus.
1478 1816 1578 1856 Peto
1605 1824 1672 1855 ta-

234 1899 339 1935 men,
368 1887 417 1925 id
439 1887 549 1940 quod
575 1888 794 1939 aequitatis
824 1897 880 1926 est
903 1896 1003 1938 tuae,
1037 1901 1086 1926 ne
1108 1889 1349 1942 praecipites
1376 1897 1507 1927 atrum
1533 1887 1671 1926 calcu-
1688 1915 1694 1942 3

235 1957 320 1997 lum
348 1958 405 1996 ad
429 1958 617 2012 quamvis
643 1973 683 1998 se
705 1960 882 2013 primum
910 1958 1138 2011 offerentem
1162 1962 1324 2013 speciem
1354 1959 1512 2013 culpae.
1570 1958 1689 1997 Fere

234 2041 317 2067 non
351 2028 536 2081 primas,·
576 2042 628 2069 ac
656 2044 705 2068 ne
732 2031 926 2069 secundas
961 2031 1121 2085 quidem
1147 2043 1275 2084 saepe,
1308 2043 1408 2084 quas
1434 2029 1557 2081 vulgo
1581 2029 1670 2067 lau·

235 2098 344 2148 dant,
372 2100 621 2151 cogitationes
650 2101 808 2139 chartae
834 2101 960 2140 illevi.
989 2110 1031 2139 at
1059 2114 1345 2155 nonnumquam
1369 2109 1527 2154 quartas
1552 2101 1670 2154 quin-
1683 2117 1693 2122 ⁴

234 2178 360 2208 tasve.
418 2170 535 2208 Fieri
573 2179 701 2224 potest
737 2181 777 2211 ut
804 2171 914 2226 quod
949 2172 1022 2210 tibi
1043 2174 1219 2225 primum
1248 2172 1468 2211 advertenti
1494 2171 1667 2210 animum

237 2241 280 2278 in
306 2249 470 2279 mentem
497 2244 662 2289 venerit,
685 2257 732 2281 ne
752 2257 812 2281 me
839 2243 1001 2296 quidem
1030 2243 1155 2296 ipsum
1170 2243 1351 2294 sugerit:
1382 2251 1575 2281 caeterum
1598 2253 1684 2294 ego>

232 2309 342 2350 illud
366 2311 484 2350 alteri
508 2312 682 2351 nondum
718 2313 790 2351 tibi
816 2312 1101 2352 animadverso
1133 2314 1455 2367 postlzabuerim3
1485 2322 1522 2351 te
1546 2313 1691 2365 paria

230 2381 382 2423 facturo
410 2382 447 2421 si
474 2382 530 2421 ibi
558 2397 667 2433 esses,
695 2385 912 2435 probaturo
938 2385 1032 2439 quin
1057 2385 1183 2423 etiam
1199 2385 1266 2422 ubi
1294 2385 1530 2434 cognoveris.
1589 2383 1666 2423 Co-

231 2465 415 2504 gnoscere
455 2463 586 2492 autem
617 2455 765 2507 poteris
806 2455 1014 2509 quaedam
1056 2455 1214 2508 quidem
1242 2470 1262 2492 e
1293 2455 1526 2505 Glossario,
1551 2455 1688 2507 longe

227 2525 347 2577 plura
374 2538 395 2562 e
432 2524 567 2573 Notis,
595 2539 757 2579 quorum
791 2527 896 2564 illud
921 2540 1023 2565 nunc
1051 2526 1213 2573 damus,·
1241 2527 1315 2564 lias
1340 2528 1505 2564 retinere
1533 2510 1689 2574 adlatur¹

231 2596 434 2646 cogimur,
459 2597 583 2649 paulo
613 2606 701 2650 post
731 2610 819 2635 cum
853 2598 924 2636 tibi
959 2605 1076 2648 grato
1102 2596 1331 2650 publiceque
1360 2598 1449 2636 utili
1471 2598 1660 2636 auctario
1688 2587 1691 2597 Χ

230 2664 468 2706 reddendas.
544 2667 709 2720 charulo
746 2669 929 2706 nimirum
972 2667 1116 2706 Annae
1160 2677 1336 2718 nostrae7
1384 2681 1502 2720 quam
1549 2666 1661 2708 modo
