1754 3086
307 608 797 671 DAVIDIS
873 603 1595 668 HOESCHELII

487 739 865 780 DEDICATIO
909 739 990 780 ET
1024 739 1428 779 PRAEFATIO.

830 850 1092 859 W—--ffi-..q

452 953 611 988 VIRIS
651 953 966 989 NOBILIBUS
1001 953 1066 988 ET
1103 952 1478 988 ILLUSTRIBUS

354 1057 429 1095 MA
444 1071 466 1095 n
482 1070 541 1097 co
576 1057 709 1096 Vi-:Ls
724 1071 834 1107 nno,
863 1070 1001 1096 sacrae
1016 1056 1125 1099 Caes.
1144 1058 1198 1096 M.
1223 1071 1243 1094 a
1262 1056 1455 1106 Consiliis,
1485 1056 1540 1095 Io
1555 1069 1673 1095 ,unu

409 1129 466 1167 IA
479 1144 500 1167 c
513 1142 536 1167 o
551 1144 570 1167 B
583 1142 607 1167 o
638 1130 703 1168 RE
717 1145 743 1168 M
755 1144 775 1168 Β
791 1143 814 1168 o
827 1143 883 1168 ω)
898 1142 921 1167 ο
935 1158 949 1179 ,
977 1130 1083 1182 Aug.
1107 1126 1265 1169 Vindel.
1282 1129 1328 1167 II.
1359 1129 1452 1167 viris
1468 1128 1672 1167 Praefect.

411 1200 501 1241 VII.
536 1200 752 1254 virumque
782 1200 982 1254 Collegio,
1000 1200 1183 1240 Dominis
1214 1214 1261 1240 ac
1289 1199 1475 1239 Patronis
1506 1198 1564 1253 pl.
1598 1199 1680 1238 ob-

407 1271 611 1311 servandis
668 1271 707 1314 S.
734 1272 778 1310 P.

247 1373 394 1448 Quod
424 1394 683 1434 Democritus
699 1394 917 1436 Abderites
946 1394 1172 1449 optandum
1205 1393 1370 1440 censuit,
1402 1407 1472 1433 eae
1502 1399 1548 1433 ut
1575 1394 1679 1432 ima-

247 1463 356 1512 gines
386 1459 594 1507 hominum
639 1461 722 1500 sive
741 1462 878 1501 «oculis
923 1462 1005 1501 sive
1046 1460 1187 1500 animis
1218 1460 1548 1509 obversarentur,
1577 1473 1684 1513 quae

248 1525 412 1565 virtutis
445 1532 485 1566 et
518 1527 721 1566 commodi
742 1528 880 1580 potius
899 1528 1079 1578 alicuius,
1109 1541 1231 1582 quam
1259 1527 1348 1566 vitii
1369 1532 1493 1581 atque
1521 1526 1681 1565 incom-

248 1591 362 1631 modi
393 1591 653 1632 administrae
682 1593 773 1646 ipsis
803 1601 957 1633 essent:
989 1594 1029 1632 in
1052 1608 1099 1633 eo
1122 1593 1337 1632 ridiculum
1357 1599 1398 1632 et
1425 1593 1684 1646 superstitio..

249 1672 337 1697 sum
372 1658 484 1697 illum
510 1659 641 1710 fuisse,
676 1674 757 1698 non
779 1661 927 1699 iniuria
957 1660 1079 1702 dicas.
1111 1659 1178 1699 Ad
1208 1660 1313 1698 vitae
1345 1658 1452 1698 enim
1481 1659 1684 1698 rationem

251 1739 538 1778 quamcunque
566 1725 824 1765 laudabiliter
854 1726 1099 1776 ineundam,
1130 1725 1228 1764 nihil
1254 1725 1368 1765 nobis
1413 1739 1514 1778 opus
1545 1731 1606 1764 est
1633 1723 1686 1778 τῇ

249 1789 339 1829 κατ’
369 1787 541 1830 εἴδωλον
572 1792 780 1846 φαντασίᾳ
803 1793 1092 1843 Democritica,
1121 1807 1245 1846 quum
1265 1790 1441 1844 exempla
1468 1796 1562 1830 ante
1588 1803 1687 1828 ocu-

249 1855 313 1896 Ios
338 1856 431 1895 viva
461 1857 644 1910 quotidie
673 1864 915 1909 versentur,
946 1873 992 1899 ex
1029 1858 1313 1898 iucundissima
1344 1857 1465 1896 etiam
1493 1855 1686 1895 historia-
1752 1876 1754 1879 .

252 1936 347 1961 rum
375 1922 549 1962 lectione
591 1938 714 1978 quam
748 1925 924 1977 plurima
965 1926 1048 1978 peti
1079 1925 1261 1978 possint:
1294 1922 1401 1962 unde
1430 1921 1528 1977 quid
1560 1921 1688 1961 deco-

252 2002 360 2039 rum,
391 1989 490 2042 quid
519 1988 770 2040 indecorum,
802 1991 900 2044 quid
927 1991 1078 2031 honori
1110 1998 1230 2044 atque
1263 1989 1558 2038 emolumento,
1589 1986 1690 2043 quid

251 2053 498 2108 ignominiae
528 2069 574 2094 ac
604 2055 851 2095 detrimento
883 2059 1080 2103 futurum,
1108 2056 1393 2110 perspiciatur.

416 2121 511 2174 φεῦ,
541 2122 634 2174 φεῦ,
663 2121 706 2161 τί
729 2119 875 2161 τούτου
902 2118 1048 2174 χάρμα
1075 2121 1215 2173 μεῖζον
1255 2117 1304 2161 ἂν
1332 2118 1499 2174 λάβοις,·

361 2183 465 2234 πρὸς
513 2181 799 2238 ἐπανόρθωσιν
842 2186 957 2239 ἠθῶν
1002 2183 1284 2239 ἐνεργότερον,·
1333 2196 1378 2227 ut
1424 2188 1688 2242 philosophus

254 2249 548 2290 Chaeronensis
575 2253 748 2305 pulchre
778 2260 990 2293 asseverat.
1048 2256 1105 2293 Ne
1132 2255 1320 2293 abeamus
1349 2254 1519 2308 longius,
1547 2255 1611 2294 vel
1644 2255 1685 2293 in

252 2316 313 2356 his
343 2317 550 2357 Alexiados
584 2319 692 2359 VIII.
723 2319 848 2370 libris,
870 2319 995 2360 modo
1026 2321 1066 2358 in
1094 2320 1227 2360 lucem
1256 2334 1356 2375 quos
1387 2320 1554 2371 edimus,
1585 2325 1689 2374 quot

255 2389 482 2422 occurrunt
510 2384 686 2435 virtutis,
713 2391 816 2439 quot
844 2385 1042 2426 vitiorum
1061 2385 1268 2439 exempla!
1325 2386 1406 2424 Hos
1427 2392 1576 2433 autem,
1609 2387 1690 2426 viri

256 2449 507 2499 nobilissimi,
540 2450 585 2493 A.
606 2451 656 2491 V.
687 2465 763 2490 cur
791 2450 988 2502 dedicem,
1017 2452 1108 2492 satis
1138 2466 1280 2492 causae
1312 2453 1376 2492 vel
1402 2452 1483 2491 hoc
1510 2466 1591 2492 esse
1619 2467 1686 2491 ar-

254 2513 406 2563 bitror,
433 2515 542 2570 quod
569 2516 620 2556 ab
661 2517 774 2557 anniS
813 2517 1110 2572 quinquaginta
1147 2517 1313 2556 illorum
1358 2518 1483 2557 editio
1529 2517 1690 2557 aliunde

256 2587 465 2632 expectata
490 2583 568 2622 suit
595 2583 770 2634 frustra,
815 2598 838 2623 a
866 2583 996 2623 doctis
1027 2598 1108 2622 non
1145 2584 1265 2623 semel
1293 2584 1495 2637 expetita:
1527 2598 1636 2623 nunc
1666 2598 1689 2623 e

255 2653 386 2686 vestra
418 2648 670 2691 Bibliotheca
713 2649 822 2690 eruti
861 2649 943 2700 illi,
972 2649 1072 2690 iuris
1114 2650 1265 2703 publici
1291 2650 1409 2690 fiunt.
1467 2651 1512 2689 In
1541 2649 1688 2704 quibus
1748 2658 1750 2660 ’
