1754 3086
1720 87 1725 97 .,
1701 0 1727 77 -α-νὲἓ

242 102 354 158 266
692 121 874 164 ANNAE
925 121 1217 164 COMNENAE

236 233 383 278 τοῦτον
397 231 689 285 παρακατέσχε
706 230 805 286 περὶ
828 231 905 281 τὰς
925 228 1145 281 οἰκοδομὰς
1162 231 1233 284 τῆς
1245 228 1428 287 μεγάλης
1444 232 1675 288 ἐκκλησίας,
1700 227 1702 229 ’

237 298 305 339 ἵνα
331 296 443 351 τάχα
473 295 577 350 πρὸς
594 294 638 339 τὸ
671 303 851 352 κρεῖττον
864 297 1136 353 μεταποιήσῃ.
1205 292 1310 338 ἄλλα
1338 299 1492 352 μικροῦ
1518 300 1677 340 θᾶττον·

237 358 291 403 ἂν
318 360 444 412 αὐτὸς
472 362 547 416 τῆς
574 361 732 404 ἐκείνου
759 365 937 417 μετέσχε
967 363 1135 414 κακίας,
1161 357 1190 416 ἢ
1215 363 1417 414 μετέδωκε
1446 365 1674 416 κρείττονος
1711 363 1725 399 ‘J

103 433 139 467 Ρ.
162 434 224 479 ι49
236 425 447 481 γνώσεως,
476 427 579 470 κατὰ
599 427 645 483 τό
668 427 877 485 φάμενον·
922 429 944 468 ὁ
975 426 1056 482 γάρ
1084 426 1238 477 Ἰταλὸς
1267 426 1337 469 τὸν
1357 430 1548 484 Γαριδᾶν
1577 425 1675 471 ὅλον
1704 435 1723 486 ’ᾗ

235 490 393 535 ἑαυτοῦ
423 491 660 549 ἐποιήσατο.
723 495 769 536 τί
789 494 833 536 τὸ
857 495 1074 542 ἑντεῦθεν;
1105 490 1125 533 ὅ
1158 494 1285 547 δῆμος
1311 490 1424 543 ἅπας
1450 497 1523 548 τῆς
1551 489 1729 548 Κων-Ιξ

235 562 449 602 σταντι’νου
479 559 582 616 πρὸς
611 559 686 616 τὴν
716 562 934 616 ἐκκλησίαν
969 559 1228 613 συγκεκίνητο
1245 590 1258 613 ,
1288 559 1361 601 τὸν
1386 559 1541 602 Ἰταλὸν
1570 561 1675 602 α’να-
1711 583 1730 592 ·=

237 627 465 680 ζητοῦντες.
521 628 593 668 καί
615 625 727 680 τάχα
753 623 805 668 ἂν
833 626 911 682 a‘tp'
938 621 1079 678 ὕψους
1115 625 1173 673 εἰς
1200 627 1328 676 μέσον
1356 627 1428 680 τῆς
1457 627 1676 680 ἐκκλησίας
1720 628 1726 639 ”

235 691 424 747 ἔρριπτο,
465 695 504 735 εἰ
546 691 605 748 μὴ
648 691 794 735 λαθών
830 694 983 740 ἐκεῖνος
1023 693 1082 739 εἰς
1109 689 1182 732 τὸν
1218 685 1378 746 ὄροφον
1403 693 1675 734 τουτουῒτοῦ

234 761 353 800 θείου
380 760 577 812 τεμένους
601 758 810 811 ἀνελθών,
847 756 890 799 ἔν
912 773 995 799 τινι
1023 757 1170 813 φωλεῷ
1200 751 1350 798 ἑαυτὸν
1376 757 1674 811 συνεκάλυψεν.
1722 747 1724 752 ⁷

234 826 290 873 ὥς
318 826 365 866 δὲ
391 822 440 867 τά
465 827 564 879 παρ’
591 826 749 866 ἐκείνου
766 826 902 872 κακῶς
931 825 1261 877 δογματισθέντα
1281 826 1447 872 πολλοῖς
1473 825 1555 865 τῶν
1577 821 1676 878 περὶ
1690 831 1735 865 tu

233 889 286 932 τά
315 887 520 945 ἀνάκτορα
560 891 829 946 ἐθρυλλεῖτο,
861 888 934 930 καί
958 891 1200 943 μεγιστᾶνες
1224 889 1300 929 οτῖκ
1327 887 1461 943 ὄλίγοι
1490 889 1677 945 διεφθά-

195 964 368 1011 Βρησαν
395 955 476 998 ’ὕπὸ
509 957 592 998 τῶν
621 958 890 1012 φθοροποιῶν
926 955 1073 997 τούτου
1100 953 1318 1008 δογμάτων
1335 987 1347 1008 ,
1390 956 1463 996 καί
1486 956 1680 1009 μεγάλως

231 1021 258 1077 ἦ
301 1024 378 1063 τοῦ
409 1024 615 1075 βασιλέως
651 1021 771 1076 ψυχὴ
814 1020 883 1063 διὰ
910 1023 1030 1063 τοῦτο
1068 1018 1279 1073 ἐδάκνετο,
1323 1021 1383 1070 εἰς
1411 1021 1558 1062 ἕνδεκά
1583 1037 1678 1063 τινα

233 1088 445 1143 κεφάλαια
473 1085 522 1129 τὰ
555 1089 886 1142 δογματισθὲντα
914 1088 1050 1135 κακῶς
1083 1087 1197 1141 παρὰ
1226 1088 1300 1128 τοῦ
1319 1087 1482 1129 Ἰταλοῦ
1511 1101 1678 1128 συνεκε.
1722 1076 1723 1079 ¹

234 1153 530 1208 φαλαιώσαντο
550 1155 623 1195 καί
648 1155 704 1211 τῷ
728 1156 900 1206 βασιλεῖ
921 1154 1227 1204 ἐξαπέστειλαν.
1285 1150 1307 1193 ὁ
1339 1153 1385 1194 δὲ
1406 1150 1673 1207 αὐτοκράτωρ
1693 1142 1739 1193 (5

234 1217 340 1261 αὐτοὶ
368 1220 501 1260 ταῦτα
527 1217 578 1261 τοὶ
599 1216 813 1275 κεφάλαια
837 1218 907 1261 τὸν
929 1217 1093 1262 Ἰταλὸν
1121 1219 1425 1271 α’ναθεματίσαι
1441 1219 1505 1260 ἐπ’
1533 1213 1678 1271 ἄμβω-

233 1300 302 1334 νος
329 1287 374 1327 ἐν
400 1287 453 1342 τῇ
473 1283 632 1341 μεγάλῃ
660 1286 853 1343 ἐκκλησίᾳ
887 1286 1102 1327 ἐκέλευσεν
1132 1285 1501 1340 α’νακεκαλυμμένῃ
1531 1285 1584 1340 τῇ
1611 1298 1679 1324 κε-

233 1352 365 1408 φαλῇ,
395 1353 471 1393 τοῦ
500 1350 688 1405 πλήθους
716 1347 898 1401 ἅπαντος
927 1353 1193 1405 α’κροωμένου
1222 1351 1295 1391 καί
1312 1350 1568 1403 ἐπιλέγοντος
1599 1347 1679 1390 αὖ·
1734 1391 1736 1393 .

231 1422 317 1466 τοῖς
342 1414 388 1458 τὸ
417 1417 627 1470 ἀνάθεμα.
686 1414 743 1466 ὦς
771 1412 846 1459 οὖν
873 1419 1031 1471 ἐγένετο
1060 1418 1215 1469 ταῦτα,
1244 1416 1317 1457 καί
1342 1413 1364 1455 ὅ
1390 1413 1545 1463 Ἰταλὸς
1576 1412 1678 1456 α’κά-
1736 1468 1737 1472 ¹

233 1485 381 1532 θεκτος
421 1478 473 1538 ἦν
511 1482 583 1525 καί
606 1483 733 1525 πάλιν
772 1484 817 1526 ἐν
844 1487 1010 1533 πολλοῖς
1036 1481 1087 1524 τά
1115 1483 1284 1524 τοιαῦτα
1315 1479 1452 1536 ἔλεγεν
1483 1481 1742 1536 &vamme-²!

328 1607 360 1629 2.
381 1594 609 1642 μεταποιήσῃ
633 1594 712 1636 CA,
735 1595 984 1642 μεταποιῆσαι
1006 1594 1078 1627 PG.
1171 1594 1203 1637 4-
1225 1590 1267 1628 τὸ
1293 1606 1334 1640 φ.
1359 1593 1404 1636 G,
1425 1587 1490 1629 τὸν
1517 1592 1555 1626 Ρ.
1654 1593 1676 1628 ὅ

327 1637 403 1689 γὰρ
423 1655 431 1674 :
450 1645 515 1676 καὶ
539 1641 558 1677 ὁ
584 1642 610 1675 C
635 1647 672 1675 et
697 1642 737 1674 in
760 1642 919 1686 margine
945 1642 981 1674 P.
1099 1641 1130 1675 5.
1156 1635 1288 1675 ἑαυτὸν
1313 1641 1354 1674 G.
1472 1640 1545 1687 ,τῆς
1566 1642 1677 1675 Κων-
1722 1665 1723 1670 ,

329 1692 526 1725 σταντίνου
551 1700 620 1721 om.
646 1689 686 1722 A.
779 1691 812 1724 6.
835 1691 998 1731 κεκίνητο
1024 1688 1064 1720 Α.
1171 1700 1202 1733 7.
1225 1687 1306 1732 τάχ’
1331 1687 1379 1724 ἄν
1405 1688 1443 1722 Α.
1559 1685 1678 1732 ὕψους

328 1737 516 1783 κύμβαχος
538 1735 693 1784 ἔῤῥιπτο
716 1736 757 1769 Α.
878 1737 908 1769 8.
935 1734 1089 1770 τουτουὶ·
1104 1745 1172 1767 om.
1198 1734 1272 1767 AG.
1418 1746 1469 1769 ιο.
1494 1733 1570 1770 τῶν
1593 1733 1675 1766 add.

388 1809 396 1817 .
508 1794 557 1817 ιι.
587 1782 811 1830 μεγιστᾶνες
841 1793 908 1815 om.
934 1784 973 1815 A.
1099 1792 1147 1813 12.
1174 1775 1246 1815 ὑπὸ
1265 1794 1272 1814 ;
1292 1775 1367 1817 ἀπὸ
1393 1781 1430 1815 C.
1546 1780 1677 1816 τούτου

329 1832 378 1871 Α,
403 1830 545 1866 τούτων
569 1831 637 1864 PG.
775 1832 827 1866 13.
853 1827 1025 1865 ἐδάκνετο
1049 1828 1125 1867 CA,
1153 1828 1327 1871 ἐδήκνατο
1355 1830 1403 1871 Ρ,
1426 1828 1607 1864 ἐδείκνετο
1633 1827 1676 1861 G.

332 1879 384 1922 ¹4·
408 1878 530 1916 κακῶς
552 1877 601 1923 τῷ
626 1875 745 1922 Ιταλῷ
771 1877 814 1910 G.
938 1877 989 1912 16.
1013 1875 1127 1910 ταῦτα
1158 1886 1226 1907 om.
1251 1877 1291 1910 Δ.
1407 1877 1458 1911 18.
1479 1871 1623 1914 παντὸς
1633 1874 1678 1911 G.

329 1925 564 1971 ἐπιλέγοντος
583 1926 612 1958 A
626 1949 636 1966 ,
660 1926 832 1970 λέγοντος
855 1923 928 1958 PG.
1050 1933 1100 1967 ¹9-
1123 1921 1230 1957 τοῦτο
1260 1922 1300 1958 A.

238 2027 303 2060 ciis
326 2036 472 2070 magnae
498 2025 596 2059 aedis
624 2037 704 2059 eum
731 2025 911 2066 detinuit,
939 2029 980 2059 ut
1009 2023 1055 2058 ad
1075 2024 1228 2069 frugem,
1252 2025 1283 2058 si
1307 2029 1450 2069 posset,
1475 2023 1679 2068 corrigeret.

237 2073 540 2108 verumenimvero
565 2084 639 2106 non
662 2073 814 2106 multum
838 2072 969 2114 abfuit,
992 2072 1082 2117 quin
1105 2072 1181 2116 ipse
1203 2071 1353 2104 celerius
1373 2071 1583 2116 opinionum
1602 2072 1679 2104 eius

236 2120 412 2165 pravitate
440 2120 666 2161 inficeretur,
699 2132 806 2165 quam
837 2120 942 2152 illum
965 2120 1003 2153 in
1034 2119 1127 2152 viam
1151 2118 1359 2160 reduceret,
1395 2124 1436 2151 ut
1459 2119 1570 2151 aiunt.
1596 2129 1678 2151 nam

236 2172 353 2201 totum
377 2166 447 2199 sibi
476 2167 681 2200 conciliavit
705 2168 815 2200 Italus
840 2166 1018 2200 Garidam.
1046 2165 1134 2211 quid
1161 2165 1271 2199 inde?
1311 2165 1466 2210 populus
1493 2165 1680 2198 universus
1753 2165 1754 2207 ἢ

237 2214 446 2259 Cpolitanus
479 2213 526 2246 ad
564 2214 690 2248 aedem
722 2215 921 2254 concurrit,
957 2213 1088 2246 Italum
1130 2212 1345 2258 deposcens;
1380 2224 1420 2246 ac
1456 2212 1606 2245 fortasse
1637 2222 1681 2245 ex
1753 2221 1754 2224 ’

237 2272 374 2294 summo
407 2261 438 2294 is
473 2261 510 2293 in
545 2261 699 2294 mediam
734 2262 859 2294 aedem
891 2260 1052 2294 deiectus
1075 2265 1192 2302 esset,
1232 2259 1302 2292 nisi
1326 2259 1416 2292 clam
1438 2264 1534 2292 tecto
1560 2269 1682 2292 sacrae

237 2307 338 2342 aedis
357 2318 524 2348 ascenso,
562 2308 600 2341 in
624 2307 764 2341 latebra
803 2307 956 2353 quadam
991 2318 1028 2340 se
1063 2305 1355 2340 abscondidisset.
1396 2312 1434 2339 at
1467 2316 1558 2350 quae
1591 2305 1683 2338 falsa

238 2355 306 2388 iste
337 2353 556 2394 tradiderat,
594 2366 674 2387 cum
711 2356 907 2388 aulicorum
940 2354 1161 2387 sermonibus
1194 2354 1434 2397 agitarentur,
1466 2364 1505 2385 ac
1540 2351 1681 2386 nobiles

239 2399 337 2434 haud
358 2401 464 2446 pauci
485 2401 693 2446 perniciosis
719 2403 795 2436 istis
820 2402 993 2446 dogmatis
1019 2406 1350 2446 corrumperentur,
1386 2400 1681 2444 imperatorisque

239 2450 378 2481 animus
401 2458 614 2492 magnopere
637 2448 702 2481 hac
729 2460 766 2482 re
790 2449 1022 2488 morderetur,
1049 2448 1087 2480 in
1111 2447 1275 2481 undecim
1301 2447 1417 2492 capita
1439 2456 1567 2491 pravae
1591 2446 1681 2478 istae

239 2495 320 2528 itali
358 2495 547 2540 opiniones
585 2495 748 2529 redactae
775 2502 811 2529 et
841 2495 886 2528 ad
911 2496 1157 2539 imperatorem
1191 2495 1331 2528 delatae
1357 2498 1461 2535 sunt3
1489 2503 1580 2538 quae
1603 2493 1682 2537 ipsa

240 2542 360 2586 capita
383 2543 578 2587 imperator
599 2542 724 2575 Italum
744 2543 781 2575 in
808 2543 897 2575 aede
921 2553 1048 2585 magna
1068 2553 1113 2575 ex
1127 2542 1292 2582 ambone,
1315 2540 1413 2575 nudo
1438 2540 1578 2585 capite,
1596 2550 1683 2572 ana-

240 2588 392 2623 themati
416 2588 591 2622 subiicere
615 2590 737 2631 iussit,
761 2590 896 2634 populo
922 2589 1089 2622 universo
1116 2589 1330 2622 exaudiente
1355 2593 1392 2621 et
1412 2586 1600 2620 anathema
1625 2596 1682 2618 re-

241 2641 400 2681 petente.
445 2647 518 2681 quo
557 2636 670 2677 facto,
708 2647 786 2669 cum
816 2637 927 2672 Italus
966 2635 1034 2669 sibi
1080 2647 1310 2681 nequaquam
1352 2638 1583 2680 temperaret,
1620 2642 1682 2664 ea-

245 2682 400 2729 demque
425 2693 541 2718 rursus
563 2683 680 2733 palam
709 2682 1011 2718 nnultis‘traderet
1035 2689 1092 2725 et,
1122 2684 1205 2718 licet
1232 2683 1434 2717 admonitus
1459 2680 1505 2715 ab
1528 2680 1682 2726 impera·
