1754 3086
235 73 268 129 3,
281 94 297 127 ι
315 94 342 128 2
680 94 861 136 ANNAE
900 95 1192 138 coMNENAE

232 195 306 246 λην
337 189 530 245 ἑλόμενος
570 192 643 246 τήν
677 196 760 236 τῶν
789 194 1006 248 Ῥωμαίων
1043 192 1177 248 ἀρχὴν
1209 197 1470 248 πλατυτέραν
1496 194 1669 250 ποιήση-

230 274 303 299 ται
331 259 389 306 εἰς
418 256 559 299 στενὸν
590 260 741 314 κομιδῆ
767 263 1046 312 καταστᾶσαν,
1075 258 1148 300 καί
1162 261 1316 311 μᾶλλον
1343 258 1484 311 ἑξότου
1509 259 1556 302 τὸ
1584 262 1668 302 τῶν

236 327 275 365 T
272 322 433 376 ου’ρκων
476 321 579 379 δόρυ
620 326 958 379 ἐπικρατέστεροι)
994 327 1169 378 γέγονεν.
1238 321 1287 380 ἦν
1325 327 1402 378 μὲν
1428 325 1505 381 γὰρ
1528 323 1601 368 ,ὅτε
1628 325 1668 368 οἱ

232 384 323 441 ὅροι
354 390 428 442 τῆς
454 392 535 431 τῶν
557 389 774 441 Ῥωμαιων
794 389 1013 444 ἡγεμονίας
1042 390 1086 430 αἱ
1114 389 1351 446 ἀμφότεραι
1379 393 1528 445 στῆλαι
1558 387 1666 446 ἦσαν

231 453 437 508 α’νατολὴν
479 457 550 497 καί
587 457 708 497 δυ’σιν
753 458 1088 510 περιορίζουσαι,
1134 457 1177 505 ἐξ
1215 452 1391 510 ἑσπέρας
1416 455 1566 509 μὲνάἱ
1594 458 1705 502 τοῦδ
1752 492 1754 494 .

104 525 138 558 Ρ.
157 516 466 571 ι76“Ηρακλέως
501 519 801 573 ὀνομαζόμεναι
812 554 824 574 ,
865 523 908 571 ἐξ
940 522 994 561 ἕω
1027 522 1073 562 δὲ
1112 519 1156 562 αἱ
1184 521 1316 574 α’γχοῦ
1341 535 1423 563 που
1451 520 1670 574 ἱστάμεναι

233 587 308 625 τοῦ
334 585 510 628 Ἰνδικοῦ
535 589 713 639 πέρατος
747 586 792 628 αἱ
820 588 897 627 τοῦ
923 583 1142 628 Διονύσου.
1173 585 1276 628 κατὰ
1301 586 1382 640 γὰρ
1414 586 1568 644 πλάτος
1593 588 1669 628 οὐκ

231 649 343 692 ἔστιν
372 652 501 693 εἰπεῖν
533 647 629 694 ὅσον
657 646 708 705 ἦν
735 653 809 706 τῆς
836 653 918 692 τῶν
938 650 1158 702 Ῥωμαίων
1184 654 1399 704 βασιλείας
1426 651 1472 693 τό
1502 651 1665 706 κράτος,

231 715 447 768 Αἴγυπτος
479 719 551 758 καί
589 716 738 771 ΙΙίΙερόη
781 718 852 757 καί
885 716 1196 770 Τρωγλοδυτικὴ
1231 719 1345 758 πᾶσα
1373 716 1445 759 καί
1467 716 1517 759 τά
1550 715 1668 770 ἐγγό-

232 784 308 825 θεν
335 784 407 836 τῆς
438 782 761 836 διακεκαυμένης
784 783 857 823 καί
880 783 929 823 τά
966 785 1009 832 ἐξ
1028 778 1172 835 ἑτέρου
1192 785 1349 836 μέρους
1376 782 1402 837 ἦ
1432 783 1669 838 πολυθρύλ-
1685 799 1725 828 m

232 849 353 899 λητος
388 846 527 901 Θούληι
556 850 628 888 καί
654 843 732 888 ὅσα
761 845 862 901 ἔθνη
890 846 1034 900 βόσκει
1070 847 1114 889 τὸ
1145 851 1271 901 κλίμα
1302 847 1347 890 τό
1379 847 1578 902 Βόρειον,
1608 844 1670 898 οἷς

232 910 339 957 κατα
368 910 560 966 κορυφήν
595 910 615 952 ὅ
644 910 821 967 Βόρειος
848 912 1016 954 ἵσταται
1044 911 1182 962 πόλος.
1254 914 1342 954 ἀλλ’
1371 915 1434 956 ἐπ’
1462 910 1593 956 ἐκεῖνό
1622 929 1670 968 γε

231 978 307 1016 τοῦ
346 979 496 1030 καιροῦ
531 979 575 1019 ἐκ
603 979 680 1030 μὲν
723 979 925 1032 α’νατολῆς
968 975 988 1019 ὃ
1017 981 1160 1032 γείτων
1195 979 1414 1033 Βόσπορος
1441 977 1558 1034 ὅρων
1587 984 1670 1021 τῶν

226 1040 473 1093 Ῥωμαϊκῶν
515 1041 765 1097 σκήπτρων,
805 1044 850 1084 ἐκ
896 1045 942 1084 δὲ
969 1045 1040 1098 τῆς
1073 1041 1250 1100 ἑσπέρας
1281 1045 1307 1099 ἧ
1347 1046 1570 1100 Ἀδριανοῦ
1597 1061 1671 1087 κα-

230 1108 401 1151 θίστατο
431 1107 557 1155 πόλις.
627 1102 718 1150 ἄλλ’
758 1106 781 1149 δ’
808 1125 853 1162 γε
901 1108 1103 1159 βασιλεύς
1138 1112 1324 1160 Ἀλέξιος
1359 1107 1498 1166 ὥσπερ
1535 1111 1669 1153 παίων
1687 1112 1730 1154 ι“5

228 1171 355 1227 χερσὶ
394 1171 493 1223 τούς
533 1170 789 1229 ἑκατέρωθεν
826 1176 1139 1227 ἐπιτιθεμένους
1166 1175 1406 1231 βαρβάρους
1435 1176 1509 1219 καί
1533 1176 1670 1218 καθά-

193 1246 307 1293 Βπερ
337 1238 419 1279 α’πὸ
460 1242 629 1293 κέντρου
669 1242 743 1293 τῆς
780 1241 1038 1292 Βυζαντίδος
1069 1242 1439 1296 περιορχούμενος,
1470 1239 1670 1296 ηΰρόνετο

229 1303 299 1345 τὸν
327 1304 474 1347 κύκλον
500 1306 571 1358 τῆς
601 1307 839 1358 βασιλείας,
876 1307 949 1347 καί
976 1309 1020 1347 ἐκ
1058 1308 1134 1359 μὲν
1166 1305 1344 1361 ἑσπέρας
1371 1307 1444 1350 τὸν
1466 1307 1670 1362 Ἀδρίαν-

229 1385 300 1418 τος
328 1369 473 1412 πόντον
515 1368 632 1411 ἔθετο
673 1367 809 1430 ὅριον,
855 1373 901 1413 ἐκ
934 1373 981 1414 δὲ
1014 1373 1085 1426 τῆς
1114 1374 1316 1425 α’νατολῆς
1345 1371 1572 1428 Εὔφράτην
1599 1371 1673 1414 καί

236 1438 432 1490 Τίγρητα.
508 1437 583 1477 καί
619 1438 677 1485 εἰς
709 1437 782 1490 τὴν
823 1440 1027 1492 προτέραν
1057 1438 1325 1490 εὐδαιμονίαν
1354 1438 1429 1492 τήν
1454 1439 1670 1491 βασιλείαν
1682 1455 1734 1482 20

231 1500 492 1545 ἀνενεώσατο
520 1497 592 1554 ἄν,
637 1503 678 1544 εἰ
704 1500 763 1556 μή
789 1518 834 1556 γε
859 1501 898 1543 οἱ
929 1503 1154 1556 ἐπάλληλοι
1178 1504 1334 1557 ἀγῶνες
1356 1503 1428 1546 καί
1457 1502 1497 1545 οἱ
1523 1505 1672 1546 πυκνοὶ

229 1565 346 1612 πόνοι
377 1569 449 1612 καί
474 1568 658 1612 κίνδυνοι
685 1563 755 1623 (ἦν
770 1567 849 1624 γὰρ
879 1567 951 1610 καί
975 1569 1234 1624 ἀμφοτέραις
1261 1566 1283 1611 ὅ
1306 1564 1565 1625 αὐτοκράτωρ
1593 1585 1669 1623 μεη

324 1727 355 1759 3.
381 1715 452 1773 μὲν
478 1738 547 1760 om.
576 1726 618 1759 G.
740 1728 772 1770 4.
797 1725 858 1771 τῆς
885 1738 951 1760 om.
978 1727 1021 1760 G.
1137 1727 1169 1758 6.
1198 1727 1275 1770 lege
1295 1724 1527 1774 (Ηρακλέους.
1633 1739 1667 1771 9.

322 1773 481 1819 ἐγγύθεν
506 1773 554 1814 Ο,
591 1768 701 1819 ἐγγὺς
724 1773 748 1805 P
774 1774 812 1806 in
837 1774 1018 1818 margine,
1045 1773 1187 1808 ἐκεῖθεν
1211 1774 1281 1806 PG.
1403 1776 1454 1818 ¹4·
1478 1773 1497 1817 ἧ
1527 1772 1581 1815 G,
1605 1776 1669 1807 καὶ

323 1821 358 1852 Ρ.
471 1831 528 1854 21.
556 1819 603 1855 ἄν
628 1831 694 1853 om.
723 1819 758 1852 C.
877 1831 933 1853 22.
960 1819 1193 1867 ἀμφοτέροις
1217 1820 1260 1854 G.

228 1949 337 1988 titus,
366 1949 503 1993 imperii
535 1949 680 1982 Romani
706 1950 792 1983 fines
820 1950 1003 1992 dilatarem
1042 1951 1104 1995 qui
1136 1949 1279 1995 quidem
1307 1947 1498 1982 admodum
1525 1953 1669 1981 contra-

229 1996 277 2028 oti
303 2001 419 2035 erant,
443 1997 651 2039 praesertim
672 2008 714 2029 ex
733 2009 804 2042 quo
823 1998 1016 2030 Turcarum
1043 2009 1097 2030 res
1118 1996 1307 2030 validiores
1335 1996 1449 2028 factae
1468 2001 1562 2028 sunt.
1586 2007 1668 2028 nam

228 2042 308 2082 fuit,
335 2053 413 2074 cum
438 2043 580 2074 termini
606 2043 747 2087 imperii
776 2045 923 2077 Romani
951 2045 1136 2076 columnae
1164 2044 1248 2075 illae
1280 2048 1400 2082 erant,
1433 2053 1525 2086 quae
1549 2043 1669 2074 orien-

228 2093 300 2121 tem
339 2095 375 2121 et
399 2089 621 2122 occidentem
658 2090 812 2132 finiunt,
851 2092 984 2124 alterae
1010 2091 1046 2123 in
1077 2090 1283 2130 occidente,
1310 2099 1401 2134 quae
1425 2088 1587 2120 Herculis
1613 2088 1669 2121 di-

228 2141 378 2176 cuntur,
403 2136 441 2167 in
469 2137 606 2169 oriente
641 2137 792 2177 alterae,
829 2149 917 2182 quas
954 2138 999 2170 ad
1023 2136 1189 2169 Indorum
1224 2137 1312 2168 fines
1338 2135 1493 2168 Bacchus
1534 2135 1667 2179 posuit.

226 2181 382 2215 latitudo
409 2183 502 2214 enim
526 2188 659 2227 quanta
683 2184 795 2216 fuerit
822 2185 964 2229 imperii
992 2184 1149 2224 Romani,
1178 2182 1247 2215 dici
1271 2194 1344 2215 non
1368 2187 1505 2226 potest:
1530 2182 1669 2226 quippe

224 2229 420 2272 Aegyptus,
444 2228 565 2261 Meroe
581 2255 589 2268 ‚
616 2230 869 2273 Troglodytice
894 2232 1055 2263 universa
1079 2237 1116 2263 et
1140 2240 1231 2275 quae
1256 2240 1378 2261 zonam
1406 2227 1575 2261 torridam
1603 2228 1667 2261 ad-

226 2275 346 2310 iacent
372 2276 533 2319 regiones
559 2276 603 2307 ab
629 2277 776 2309 australi
800 2283 914 2322 parte,
943 2277 987 2310 ab
1015 2278 1126 2310 altera
1149 2282 1267 2309 autem
1293 2275 1412 2308 Thule
1437 2275 1667 2308 celeberrima

226 2327 264 2355 et
287 2326 464 2367 quotquot
497 2327 620 2365 gentes
645 2322 806 2356 boreales
842 2330 952 2357 terras
993 2323 1176 2363 incolunt,
1212 2334 1361 2367 quorum
1390 2321 1567 2366 capitibus
1591 2322 1666 2355 axis

223 2367 382 2401 borealis
406 2369 588 2410 imminet,
624 2370 861 2403 Romanorum
897 2371 1047 2415 imperio
1084 2369 1270 2414 parebant.
1294 2374 1332 2401 at
1368 2368 1423 2401 his
1446 2367 1667 2412 temporibus

225 2415 271 2447 ab
298 2416 439 2448 oriente
463 2415 638 2460 Bosporus
662 2416 798 2449 vicinus
813 2442 823 2457 ,
860 2417 904 2449 ab
933 2416 1119 2450 occidente
1150 2415 1402 2459 Adrianopolis
1425 2425 1571 2458 regnum
1596 2416 1667 2447 Ro-

224 2473 409 2494 manorum
433 2462 682 2495 terminabant.
709 2463 899 2507 imperator
923 2469 1043 2496 autem
1070 2463 1236 2502 Alexius‚
1257 2462 1368 2494 veluti
1393 2461 1558 2494 manibus
1583 2472 1667 2506 pro-

223 2509 365 2554 pellens
394 2508 563 2541 barbaros
587 2509 630 2541 ab
656 2514 807 2553 utraque
832 2516 934 2554 parte
965 2511 1139 2543 instantes
1170 2515 1278 2553 atque
1302 2509 1470 2551 Byzantio
1498 2508 1598 2552 quasi
1622 2518 1666 2540 ex

224 2561 347 2589 centro
371 2555 606 2596 circumiens,
631 2555 768 2599 imperii
802 2557 926 2589 orbem
949 2557 1135 2589 dilatavit:
1159 2555 1205 2587 ab
1234 2555 1419 2587 occidente
1447 2553 1666 2587 Adriaticum

223 2613 344 2641 mare,
369 2601 415 2635 ab.
441 2602 579 2635 oriente
604 2602 817 2646 Euphratem
851 2608 957 2647 atque
982 2603 1165 2646 Tigridem
1192 2603 1361 2636 terminos
1386 2601 1582 2634 constituit.
1611 2605 1665 2633 at-

228 2659 298 2694 que
324 2649 361 2682 in
400 2649 587 2693 pristinam
627 2660 712 2684 sane
737 2649 948 2684 felicitatem
991 2650 1179 2695 imperium
1218 2649 1451 2689 restituisset,
1476 2648 1544 2681 nisi
1567 2646 1664 2682 bella
