1754 3086
248 123 369 163 XLVI
682 122 900 163 DAVIDIS
939 121 1150 164 IIOESCH
1158 124 1256 163 ELII

250 238 342 262 rum
374 223 550 273 malitia,
592 229 633 263 et
662 237 837 278 nequam
875 224 1040 263 illorum
1070 225 1273 278 Principis
1306 224 1412 264 fraus
1443 231 1483 264 ct
1513 226 1688 266 circum..

249 291 387 330 ventio
416 290 627 342 pertinax,
656 292 826 329 maxime
869 305 959 329 cum
1001 305 1098 343 erga
1139 306 1205 330 eos
1235 298 1347 330 tanta
1379 291 1620 332 liberalitate
1648 288 1716 334 εἶ’

250 355 438 395 simulata
476 356 606 409 gratia
636 355 898 396 redundaret.
967 358 1060 399 Cn.
1083 372 1142 396 xx.
1173 359 1321 410 Sicque
1350 357 1536 410 quotidie
1566 359 1690 412 magis
1715 359 1717 402 f

249 429 290 461 et
321 422 445 476 magis
475 423 731 462 Graecorum
762 422 892 472 dolus,
919 428 959 462 et
987 423 1097 462 fraus
1121 423 1384 476 Imperatoris
1412 424 1586 475 (Alex-ii)
1604 422 1690 464 'de-
1714 451 1719 473 3

250 489 491 542 tegebatur,
532 489 588 528 ita
629 494 676 527 ut
705 489 784 527 iam
822 503 941 528 nemo
985 494 1086 528 esset
1125 488 1174 528 de
1205 489 1465 542 Principibus
1509 490 1575 528 cui
1606 505 1721 547 nona

250 561 351 594 esset
380 555 650 604 manifestum,
679 561 719 594 et
740 554 830 594 luce
850 554 1072 594 meridiana
1095 554 1255 604 clarius,
1276 561 1429 608 quanto
1460 556 1556 595 odio
1583 569 1686 609 pro..
1712 553 1721 610 j

248 621 496 674 sequebatur
523 621 723 674 populum
752 627 951 670 nostrum,
983 626 1024 659 et
1054 635 1175 659 omne
1207 634 1329 673 genus
1349 621 1588 660 Latinorum
1615 622 1689 660 ba-
1711 606 1723 659 i

246 686 365 726 beret
396 686 580 726 invisum.
638 687 731 726 CAP.
752 701 826 725 xx1.
871 686 1086 740 Quidquid
1117 691 1253 725 autem
1295 686 1544 740 loquebatur
1571 689 1687 737 (Ale-
1712 731 1715 734 ,

244 753 351 802 ocius)
381 752 496 792 dolus
528 759 616 792 erat
646 759 687 792 et
715 752 1027 792 circumventio.
1084 752 1165 790 Lm.
1185 767 1260 791 vu.
1296 753 1390 791 Cn».
1413 765 1478 791 xx.
1507 752 1714 810 Fraudes3

247 819 355 856 enim
387 820 648 871 Imperatoris
686 819 855 869 (Alexii)
899 823 940 857 et
969 818 1050 857 eius
1079 818 1270 867 versutia,
1305 833 1402 871 quas
1432 818 1590 871 saepius
1619 833 1688 858 ex·-

247 885 354 937 perti
383 885 574 934 fuerunt,
620 884 825 924 declinare
856 883 1097 923 iudicabant
1138 885 1407 934 commodius,
1436 899 1487 924 ne
1516 884 1598 924 eius
1627 880 1711 935 la-ss

247 950 453 1004 byrinthis
484 956 525 990 et
553 951 788 1004 ambagibus
819 949 969 989 iterum
1008 964 1050 989 se
1081 949 1352 1000 involverent,
1378 965 1400 990 a
1431 950 1576 1004 quibus
1606 946 1714 1006 nons

244 1017 339 1056 satis
370 1016 486 1056 facile
515 1017 778 1069 postmodum
805 1021 969 1068 possent
996 1014 1189 1069 expediri.
1258 1017 1344 1055 Lm.
1366 1030 1401 1055 x.
1432 1016 1607 1056 Cunxn.
1636 1019 1690 1058 At
1705 1017 1712 1041 ἵ

246 1097 346 1122 vero
375 1083 484 1122 idem
505 1083 706 1133 (Alexins)
729 1084 973 1135 Imperator,
1003 1087 1163 1121 vetusto
1185 1083 1441 1122 Graecorum
1468 1095 1585 1122 more
1609 1097 1689 1122 no-
1708 1085 1712 1092 “

244 1155 426 1188 strorum
462 1148 707 1188 successibus
738 1146 941 1198 invidens,
973 1148 1160 1202 quamvis
1197 1161 1288 1198 eos,
1319 1154 1365 1187 ut
1403 1148 1690 1201 praediximus,
1703 1167 1708 1194 j

247 1215 358 1268 apud
386 1230 428 1255 se
458 1215 549 1255 satis
578 1215 754 1268 benigne
794 1214 1024 1264 habuisset,
1058 1215 1218 1254 occulte
1247 1213 1341 1254 inde
1370 1228 1444 1267 per
1470 1214 1711 1254 internum-J

245 1283 329 1322 cios
362 1282 593 1336 frequentes
624 1282 666 1321 in
695 1295 839 1321 eorum
882 1281 1106 1334 perniciem
1133 1280 1266 1320 hostes
1295 1280 1539 1331 solicitabat,
1570 1287 1611 1320 et
1636 1271 1710 1322 abs

250 1362 395 1387 eorum
444 1348 624 1387 adventu
667 1347 823 1387 crebris
869 1346 1044 1400 epistolis
1084 1353 1126 1386 et
1168 1347 1414 1385 nunciorum
1442 1345 1706 1387 discursibus·

245 1414 446 1454 reddebat
473 1413 769 1467 instructiores,
799 1426 868 1453 eos
899 1426 1183 1465 praemonens,
1216 1426 1266 1451 ne
1296 1417 1454 1451 tantum
1483 1413 1686 1466 populum

245 1495 318 1520 suo
364 1480 542 1534 periculo
584 1479 714 1519 libere
759 1479 935 1519 transire
975 1479 1200 1532 patiantur.
1270 1478 1415 1518 Vicem
1454 1479 1708 1534 scorpionis!

246 1561 391 1601 agens,
420 1546 492 1600 qui
519 1559 613 1584 cum
642 1560 724 1585 nou
766 1545 818 1583 sit
850 1545 892 1583 in
918 1545 1021 1584 facie
1057 1543 1170 1597 quod
1197 1544 1415 1594 formides,
1456 1545 1704 1597 prudenter-

244 1613 387 1653 feceris
428 1613 459 1652 si
501 1612 655 1652 caudae
692 1611 930 1665 posterioris
980 1611 1184 1651 declinare
1225 1611 1382 1664 poteris
1426 1612 1704 1663 maleficium„

242 1680 330 1719 Lm.
350 1693 424 1718 xu-
455 1679 551 1718 Cir.
574 1693 613 1717 v.
640 1678 722 1718 Pe'r
750 1677 859 1717 idem
891 1683 1048 1731 tempus
1077 1678 1190 1729 (anno
1225 1675 1359 1726 1118.)
1391 1677 1688 1717 Constantino..-

243 1745 447 1799 politanus
477 1747 706 1799 Imperator
737 1745 906 1794 Alexius,
935 1744 1179 1783 Latinorum
1205 1743 1400 1783 maximus
1429 1750 1684 1797 persecutor,

244 1812 366 1852 rebus
392 1812 578 1851 humanis
606 1819 812 1865 exemptus
838 1817 910 1851 est.

354 1878 643 1917 Bon-mirus
674 1890 959 1917 MONACHUS
989 1876 1519 1916 DnCnnis'nAuonum
1546 1890 1704 1915 Patr-⁷

245 1957 421 1983 Cipum
450 1957 824 1984 PROFECTIONE
856 1957 902 1982 ῐΝ
933 1943 1137 1982 smum
1166 1943 1319 1982 Lus-II.
1379 1943 1583 1982 Subdolus
1602 1943 1681 1982 ita-

245 2023 325 2063 que
360 2010 593 2062 Imperator
633 2010 837 2061 (Alexim)
875 2008 1012 2049 videns
1057 2022 1240 2048 crescere
1278 2013 1409 2048 castra
1435 2009 1525 2058 Dei,
1560 2015 1601 2048 et
1632 2008 1684 2049 de

245 2076 310 2114 die
340 2076 380 2114 in
412 2076 520 2115 diem
560 2076 826 2129 augmentari,
854 2076 971 2128 inops
999 2074 1149 2123 animi,
1185 2089 1322 2127 expers
1350 2088 1498 2125 sensus,
1527 2089 1683 2128 pauper

243 2142 424 2192 consilii,
467 2142 527 2181 ira
569 2141 796 2181 vehementi
838 2141 976 2194 coepit
1010 2140 1175 2180 anxiari.
1248 2141 1362 2180 Mens
1399 2141 1508 2181 enim
1536 2141 1682 2182 fraude

244 2208 365 2262 plena
393 2222 554 2262 semper
596 2208 782 2247 anxiatur
827 2214 868 2248 et
907 2213 965 2248 est
993 2206 1161 2256 solicita,
1203 2213 1244 2246 et
1274 2205 1386 2260 quod
1421 2206 1682 2246 machinatur

244 2274 362 2314 alteri
395 2275 643 2327 pertimescit
671 2273 746 2312 sibi
776 2287 936 2327 semper
964 2272 1199 2312 machinari.
1258 2274 1302 2311 In
1332 2278 1466 2311 mente
1496 2274 1682 2325 Impera..

243 2340 346 2380 toris
389 2354 546 2393 semper
592 2340 742 2379 mansit
783 2340 1042 2380 fraudulenta
1084 2339 1208 2378 fictio.
1284 2338 1497 2391 Quidquid
1529 2337 1681 2377 iuravit

243 2413 379 2446 totum
400 2406 632 2454 exinanivit,
654 2406 749 2459 quia
778 2406 948 2458 periurii
971 2419 1114 2444 noxam
1133 2406 1350 2444 incurrere
1370 2403 1526 2454 maluit,
1557 2418 1680 2458 quam

219 2478 404 2526 *gentem
432 2472 688 2510 Francorum
720 2486 743 2509 a
775 2473 852 2510 suis
885 2471 1031 2510 finibus
1063 2484 1142 2509 non
1176 2469 1374 2522 elongari.

353 2538 640 2577 Consanus
685 2551 844 2576 ABBAs
889 2532 1289 2576 Un'srssncnnms
1324 2549 1505 2575 ennon.
1539 2547 1700 2585 auno,

244 2619 348 2646 mei.
406 2604 511 2643 Ecce
547 2602 679 2642 subito
721 2617 909 2642 murmur
947 2602 1154 2652 exoritur,
1184 2602 1354 2640 invisum
1384 2603 1679 2656 Imperatorem

244 2670 478 2721 (Alexium)
508 2670 742 2710 Turcorum
782 2669 918 2723 potius
958 2682 1081 2722 quam
1123 2667 1451 2707 Christianorum
1479 2666 1589 2721 parti
1616 2666 1678 2705 fa-
