1754 3086
236 55 347 111 338
697 74 880 117 ANNAE
923 75 1218 118 coMNENAE

231 169 313 229 ἤδη
341 170 712 226 καταλαμβάνοντα
752 176 1071 229 μεμαθήκεσαν,
1114 174 1171 223 ὥς
1211 175 1430 230 ἀμήχανον
1469 174 1546 231 τήν
1571 180 1671 230 μεθ’

229 238 436 295 ἑκατέρων
462 239 606 294 μάχην
643 237 924 295 εὑρίσκοντες,
961 238 1112 293 τρόπον
1154 239 1403 295 ἐπεζήτουν,
1438 242 1494 284 δι’
1525 237 1578 284 οὗ
1602 246 1672 296 γέ·-

228 311 325 347 νοιτ’
355 300 406 347 ἂν
434 305 576 354 αὐτοῖς
613 304 660 347 τὸ
703 304 773 356 ὀξυ
807 308 884 347 τοῦ
925 305 1116 347 κινδύνου
1155 307 1403 362 ὃιεκφυγεῖν.
1459 309 1670 361 πέμπουσι

225 373 362 413 τοίνυν
387 369 619 425 πρέσβεις
601 371 750 414 εκατὸν
770 371 874 425 πρὸς
902 377 989 421 τοῖς
1018 371 1267 426 πεντήκοντα
1287 373 1482 427 Σκυθας,
1509 375 1670 430 ἐπερω-

223 438 377 485 τῶντας
403 435 514 490 τάχα
536 436 586 478 τὰ
616 453 713 491 περι
751 436 940 492 εἰρήνης,
981 433 1071 490 ἅμα
1100 438 1146 478 δὲ
1175 454 1244 480 και
1274 438 1447 494 ἀπειλήν
1475 455 1568 482 τινα
1594 439 1706 494 pte-5
1746 433 1754 491 Ἴ,

184 501 325 552 (Ιταξύ
355 504 438 544 τῶν
475 500 607 557 λόγων
646 506 986 558 παρενείροντας,
1026 500 1117 544 ε’στι
1157 505 1194 544 δ’
1237 498 1290 545 ου
1328 521 1398 547 και
1440 505 1670 559 ὖπισχνου-
1746 498 1749 502 ’

220 570 371 620 μένους
388 602 399 622 ,
443 571 484 612 εἰ
532 574 622 618 ταῖς
664 566 824 611 τούτων
876 567 1039 610 νεύσεσι
1095 570 1167 610 καί
1222 570 1412 624 αἰτήσεσι
1466 573 1668 612 κατανεῦ-

220 650 294 675 σαι
339 632 556 690 θελήσειε,
599 638 695 687 μεθ’
733 633 893 676 ἱππέων
921 632 1126 687 χιλιάδων
1161 636 1381 689 τριάκοντα
1424 641 1668 690 συμμαχεῖν

219 702 274 756 τῷ
314 699 612 755 αὐτοκράτορι,
654 698 834 755 ὁπηνίκα
873 701 1077 753 βούλοιτο.
1145 699 1167 741 ὅ
1204 702 1252 742 δὲ
1296 701 1564 756 αὐτοκράτωρ
1592 701 1669 756 τὴν

218 761 379 820 ἀπάτην
410 765 610 820 διαγνούς
653 769 735 808 ταῖν
766 768 944 807 Σκυθῶν
985 768 1059 807 καί
1084 763 1150 808 ὅτι
1199 764 1272 808 τὸν
1299 767 1499 821 ὑπόγυιον
1527 769 1668 809 κίνδυ·
1684 779 1723 806 ιο

218 847 289 873 νον
317 830 540 887 φεύγοντες
569 834 746 874 τοιαῦτα
787 831 1162 886 ὃιαπρεσβεύονται
1180 865 1190 883 ,
1224 835 1296 874 καί
1323 834 1362 874 εἰ
1389 833 1534 881 ἀδείας
1560 830 1668 882 ὅλως

216 897 396 951 τύχοιεν,
427 897 498 940 τὸν
527 897 895 952 ὕποκρυπτόμενον
923 900 995 951 τῆς
1023 894 1163 940 αὐτῶν
1196 900 1341 946 κακίας
1368 899 1582 954 σπινθῆρα
1606 899 1667 947 εἷς

215 962 378 1017 πυρσὸν
408 961 622 1016 α’νᾰψουσι
651 966 797 1018 μέγαν,
827 964 901 1018 την
928 965 1155 1017 πρεσβείαν
1174 964 1248 1004 οὐκ
1277 966 1456 1018 ἐδέχετο.
1510 963 1667 1006 τούτων
1701 1009 1705 1012 ,

216 1029 262 1070 δὲ
289 1030 372 1070 τῶν
390 1029 521 1082 λόγων
540 1031 858 1084 συνειρομένων,
879 1029 1087 1078 Νικόλαός
1113 1045 1176 1078 τις
1202 1032 1286 1071 τῶν
1316 1030 1666 1084 ὖπογραμματευ-

168 1092 355 1147 υόντων,
386 1097 442 1150 τῷ
469 1094 746 1150 αὐτοκράτορι
774 1093 1020 1149 προσελθών
1048 1093 1153 1148 πρὸς
1177 1094 1224 1137 τὸ
1256 1091 1329 1144 οὖς
1354 1099 1426 1137 καί
1449 1093 1664 1149 ὖποψιθυ-
1681 1092 1727 1133 15

215 1159 337 1212 ρίσας
371 1159 484 1215 φησί
524 1160 654 1203 “uani
697 1161 874 1215 ταυτηνί
907 1162 981 1216 τήν
1009 1162 1199 1215 ἡμέραν,
1240 1163 1438 1214 βασιλεῦ,
1475 1160 1665 1214 ἔκλειψιν

211 1226 286 1266 τοῦ
304 1226 482 1280 ἡλιακοῦ
498 1225 638 1282 φωτὸς
666 1227 880 1281 προσδόκα
910 1225 1200 1281 γενήσεσθαι.”
1218 1229 1294 1270 τοῦ
1323 1229 1367 1270 δὲ
1398 1229 1665 1270 διαπιστοῦν-

212 1305 295 1342 τος,
327 1294 480 1340 ἐκεῖνος
507 1290 728 1345 ἐπώμνυτο
755 1292 814 1346 μη
849 1291 1182 1344 διαψεύσασθαι.
1240 1291 1380 1342 ὅποῖος
1410 1294 1457 1335 δὲ
1487 1290 1508 1334 ὅ
1542 1295 1667 1335 αὐτο-

213 1354 375 1413 κράτωρ
415 1357 565 1412 γοργὸς
615 1362 713 1412 περὶ
764 1359 837 1407 τὰς
872 1357 1151 1412 ἐνθυμήσεις,
1198 1358 1304 1415 φησί
1354 1365 1439 1408 τοῖς
1479 1356 1667 1408 Σκύθαις

214 1425 501 1479 ἐπιστραφείς,
533 1427 648 1482 “3215
674 1424 746 1480 τὴν
772 1424 910 1478 κρίσιν
938 1426 1170 1478 α’νατίθημι
1187 1442 1196 1451 ·
1254 1425 1328 1466 καί
1358 1425 1398 1466 εἰ
1424 1426 1502 1477 μέν
1519 1441 1561 1466 τι
1592 1440 1666 1480 ση-
1677 1439 1729 1466 20

213 1495 334 1543 μεῖον
360 1491 404 1541 ἐξ
430 1491 617 1546 ου’ρανοῦ
642 1489 742 1532 κατὰ
778 1489 957 1544 ταυτηνὶ
991 1489 1066 1545 την
1094 1490 1256 1546 ἡμέραν
1284 1488 1456 1546 ἔκδηλον
1482 1491 1664 1546 γένηται,

315 1625 342 1646 ι.
373 1612 661 1660 ἐμεμαθηκεσαν
686 1613 729 1646 G.
879 1613 912 1646 3.
940 1613 1144 1659 διαφυγεῖν
1168 1613 1212 1646 G.
1353 1615 1387 1648 6.
1413 1612 1669 1670 ὖπισχνουμέ·

311 1673 379 1696 νου
395 1661 449 1715 ..G·
574 1672 625 1694 ιο.
650 1656 764 1706 γνοὺς
788 1659 831 1693 G.
961 1672 1010 1692 ιι.
1041 1659 1312 1706 διαφεύγοντες
1334 1661 1375 1694 A.
1529 1672 1580 1695 ια.
1607 1661 1668 1704 τῆς

311 1706 435 1742 αὐτων
460 1710 594 1746 κακίας
622 1706 795 1740 0111.AG.
923 1708 973 1750 14.
999 1711 1260 1766 σπειρομενων
1286 1709 1329 1740 G.
1469 1706 1668 1755 ὑπογραμ-

309 1757 458 1801 ματέων
485 1755 526 1787 A.
660 1756 710 1788 16.
739 1753 884 1811 ἡμέραν
907 1753 960 1795 A,
986 1753 1091 1801 ὥραν
1115 1755 1184 1787 PG.
1319 1766 1368 1798 ¹7·
1395 1755 1600 1799 προσδόκει
1625 1757 1666 1789 Α.

313 1813 369 1834 20.
396 1814 432 1835 τι
455 1813 524 1834 om.
551 1801 591 1834 A.
722 1811 779 1833 21.
807 1800 942 1844 ταύτην
964 1801 1007 1834 G
1128 1802 1271 1848 ἡμέραν
1295 1802 1357 1835 AG
1372 1828 1382 1843 ,
1409 1801 1511 1849 ὥραν
1534 1803 1573 1836 Ρ.

215 1934 275 1961 tur
302 1926 446 1961 fluvium
474 1927 536 1960 nbi
561 1927 815 1961 adventantem
842 1928 1120 1974 Euphorbenum
1140 1929 1328 1973 Georgium
1348 1929 1567 1985 Scytharum
1586 1940 1668 1975 pars

215 1974 328 2016 vidit,
352 1975 515 2007 terrestri
539 1980 658 2008 autem
683 1976 814 2008 itinere
840 1976 947 2009 etiam
974 1976 1226 2021 imperatorem
1254 1977 1450 2011 exercitum
1474 1977 1668 2010 maximum

217 2027 340 2054 contra
364 2032 401 2054 se
423 2022 493 2054 iam
535 2021 666 2055 ducere
693 2022 926 2062 audiverunt,
965 2034 1044 2055 cum
1071 2024 1214 2069 utrique
1239 2023 1391 2068 impares
1418 2035 1455 2056 se
1480 2024 1667 2068 intellige-

218 2074 319 2109 rent,
343 2069 698 2113 circumspiciebant,
726 2080 795 2114 qua
825 2070 965 2102 ratione
991 2071 1108 2103 subito
1127 2070 1286 2115 periculo
1315 2070 1519 2105 evaderent.
1543 2071 1668 2116 itaque

217 2116 368 2149 mittunt
386 2115 528 2170 ‘legatos
550 2121 695 2149 centum
725 2122 760 2150 et
785 2117 1045 2162 quinquaginta
1069 2117 1228 2160 Scythas,
1256 2118 1318 2162 qui
1341 2128 1464 2162 pacem
1488 2122 1668 2163 peterent,

218 2162 327 2196 simul
348 2162 462 2195 minas
488 2163 660 2207 quasdam
686 2164 841 2196 orationi
876 2165 1100 2198 intexerent:
1127 2165 1182 2197 sin
1207 2165 1396 2210 postulatis
1425 2170 1534 2210 atque
1559 2170 1667 2210 opta-

217 2210 263 2243 tis
289 2208 548 2254 responderet,
584 2210 729 2254 triginta
765 2211 878 2242 millia
902 2212 1062 2256 equitum
1099 2212 1306 2256 imperatori
1332 2222 1389 2252 se,
1417 2211 1562 2256 quando
1586 2211 1667 2244 vel-

218 2257 292 2296 let,
316 2256 450 2289 auxilio
490 2257 660 2290 missuros
695 2257 965 2301 pollicerentur.
1002 2259 1196 2303 imperator
1235 2264 1355 2291 autem
1385 2269 1465 2291 cum
1504 2258 1667 2292 fraudem

219 2303 429 2346 Scytharum
454 2304 696 2348 perspiceret,
721 2315 854 2349 eosque
878 2305 1097 2338 imminentis
1125 2306 1276 2350 periculi
1302 2305 1462 2338 evitandi
1490 2316 1596 2339 causa
1619 2305 1666 2338 de

218 2361 307 2396 pace
346 2361 472 2394 agere,
499 2356 536 2383 et
571 2351 740 2383 facultate
765 2351 870 2392 data,
907 2363 989 2384 mox
1024 2352 1199 2386 occultam
1231 2352 1304 2386 odii
1337 2351 1498 2385 favillam
1525 2353 1563 2385 in
1589 2363 1668 2385 ma-

219 2408 323 2442 gnam
347 2397 522 2430 flammam
551 2397 766 2430 excitaturos
806 2409 904 2438 esse,
937 2400 1153 2443 legationem
1176 2411 1249 2432 non
1275 2399 1432 2433 admisit.
1459 2399 1505 2433 de
1530 2411 1599 2445 qua
1630 2409 1668 2432 re

221 2444 307 2477 dum
335 2443 558 2488 disceptant,
585 2444 778 2485 Nicolaus,
806 2444 1001 2478 scribarum
1033 2458 1145 2486 unus,
1172 2445 1217 2478 ad
1246 2447 1495 2491 imperatorem
1521 2446 1671 2479 accessit

224 2494 334 2536 inque
359 2502 482 2524 aurem
507 2491 751 2531 insusurrans,
787 2491 898 2532 “hoc,
935 2493 1074 2537 inquit,
1110 2493 1169 2526 die
1197 2493 1309 2526 solem
1345 2493 1566 2527 defecturum
1591 2503 1668 2526 esse

222 2539 429 2584 exspecta;”
454 2549 526 2583 quo
551 2537 658 2571 fidem
688 2537 887 2582 denegante
903 2563 911 2578 ,
952 2540 1181 2572 iureiurando
1208 2551 1245 2573 se
1270 2552 1344 2574 non
1366 2540 1512 2574 mentiri
1537 2539 1668 2573 confir-

224 2587 342 2619 mavit.
368 2591 444 2619 tum
468 2586 687 2630 imperator,
710 2595 781 2629 qua
807 2590 882 2617 erat
909 2586 1044 2629 ingenii
1073 2587 1305 2628 dexteritate,
1341 2587 1387 2620 ad
1411 2587 1557 2631 Scythas
1581 2597 1668 2619 con-

223 2644 355 2673 versus,
382 2638 403 2654 “
414 2632 532 2673 deum,
558 2633 690 2677 inquit,
716 2631 872 2665 iudicem
889 2632 998 2665 facio:
1024 2644 1063 2666 ac
1089 2635 1117 2666 si
1144 2634 1290 2679 quidem
1305 2635 1442 2680 siguum
1470 2634 1572 2669 coelo
1601 2633 1670 2667 hoc
