1754 3086
259 82 372 137 356
710 98 890 140 ANNAE
931 99 1148 142 coMNEN
1157 99 1225 141 ΑΕ

256 214 336 248 νος.
363 195 741 251 μεταπεμψάμενος
770 201 908 240 τοίνυν
936 198 1004 240 τὸν
1029 199 1226 241 Συνέσιον
1253 197 1324 241 καί
1347 203 1433 248 τοῖς
1463 198 1564 253 πρὸς
1592 199 1686 248 τούς

255 263 424 312 Σκύθας
449 261 776 316 χρυσοβούλλοις
806 261 942 318 λόγοις
969 265 1210 319 ε’φοδιάσας,
1238 267 1435 317 ἐκπέμπει
1463 263 1684 320 παραγγεί-

254 334 342 381 λας,
371 328 427 376 ὥς
455 329 495 368 εἰ
520 330 597 377 μὲν
620 331 830 370 πεισθεῖεν
854 331 1110 371 σπείσασθαι
1136 329 1208 371 καί
1233 332 1342 371 δοῖεν
1370 329 1564 384 ὁμήρους,
1581 330 1685 372 α’να-

252 397 444 447 χαιτίσαι
474 391 626 441 αύτούς
656 395 725 447 τῆς
758 395 828 434 ε’πί
852 393 897 436 τὸ
927 393 1068 448 πρόσω
1101 396 1236 449 φορᾶς
1268 396 1340 437 καί
1368 392 1686 449 παρασκευάσαι

252 462 390 511 μένειν
419 460 463 499 ἐν
508 452 541 515 ᾧ
573 459 882 512 προκατέλαβον
909 457 1046 515 τόπῳ,
1089 459 1161 501 καί
1188 457 1298 502 οὕτω
1326 466 1518 514 χορηγεῖν
1547 461 1720 509 αὕτοῖς5

253 525 414 578 δαψιλῆ
457 522 507 565 τά
547 522 747 578 χρειώδη·
804 523 970 566 ἐσκόπει
996 522 1074 578 γὰρ
1103 523 1266 574 τούτοις
1295 525 1396 568 κατὰ
1425 528 1503 567 τῶν
1535 524 1685 578 Koud-

213 598 334 631 (ἔνων
361 589 632 643 χρήσασθαι,
676 589 715 630 εἰ
739 589 810 631 τὸν
828 585 993 644 Ἴστρον
1022 586 1151 638 αὖθις
1177 589 1474 643 καταλαβόντες
1500 588 1604 645 πρὸς
1630 588 1683 631 τά

250 652 394 709 πρόσω
423 659 576 708 χωρεῖν
605 653 933 708 ἐπιχειρήσαιεν·
990 657 1029 696 εἰ
1058 656 1103 696 δέ
1121 671 1165 709 γε
1195 654 1231 696 οἱ
1251 654 1411 697 Σκύθαι
1436 654 1494 710 μή
1518 657 1684 697 πείθον-

248 738 341 773 ται,
372 721 499 762 αὐτοῦ
527 736 605 760 που
628 724 869 761 καταλιπεῖν
888 720 1039 768 αὐτοὺς
1056 723 1128 762 καί
1154 721 1431 775 ὑποστρέψαι.
1486 722 1683 773 κατέλαβε

247 785 424 834 τούτους
466 785 487 825 ὅ
530 783 676 840 ῥηθείς
720 787 944 839 Συνέσιος,
987 785 1058 826 καί
1086 784 1144 828 ’τοὶ
1175 788 1310 828 εἰκότα
1349 787 1683 840 προσομιλήσας,
1703 803 1735 828 ι(

246 850 410 893 ἔπεισεν
457 849 744 899 ὑποσπόνδους
792 853 986 904 γενέσθαι
1034 853 1090 908 τῷ
1121 855 1295 905 βασιλεῖ.
1359 854 1521 893 κιίκεῖσε
1558 866 1686 904 προσ·

248 917 457 972 καρτερῶν
497 914 651 964 πάντας
697 916 851 964 αὐτους
895 919 1124 971 θεραπείας
1159 918 1302 971 ἠξίου,
1340 918 1477 959 πᾶσαν
1518 932 1684 970 περιαι-

247 984 333 1037 ρῶν
362 979 597 1023 σκανδάλου
634 980 858 1036 πρόφασιν.
938 984 1323 1037 ἐπαναστρέψαντες
1373 985 1419 1025 δὲ
1465 978 1592 1030 αὖθις
1644 981 1684 1024 οἱ

248 1045 445 1098 Κόμανοι
475 1049 857 1099 παρεσκευασμένοι
885 1046 991 1101 πρὸς
1019 1046 1091 1089 τόν
1119 1048 1223 1090 κατα
1253 1051 1332 1090 τῶν
1360 1051 1537 1090 Σκυθῶν
1564 1046 1683 1090 πόλε-

244 1126 349 1164 μον,
385 1113 457 1153 καί
482 1109 539 1164 μή
573 1110 814 1164 ἐντυχόντες
842 1114 1007 1166 αὐτοῖς,
1039 1112 1143 1154 α’λλοὶ
1174 1112 1461 1170 μεμαθηκότες
1491 1113 1564 1167 τὴν
1589 1115 1682 1156 τού·
1700 1116 1737 1157 ιξ

244 1193 328 1218 των
360 1175 427 1218 διὰ
465 1179 547 1218 τῶν
587 1178 839 1232 κλεισουραῖν
876 1176 1065 1232 ἔλευσιν,
1107 1181 1178 1221 καί
1208 1177 1274 1222 δ’τι
1313 1179 1388 1234 τὴν
1425 1181 1684 1236 Μαρκέλλαν

199 1240 546 1295 Βκαταλαβόντες
582 1244 641 1291 εἰς
680 1242 885 1297 εἰρηνικὰς
928 1239 1058 1298 ἦλθον
1092 1244 1198 1298 μετὰ
1229 1249 1305 1287 τοῦ
1331 1250 1536 1299 βασιλέως
1559 1261 1683 1288 σπον-

245 1307 335 1359 δάς,
367 1309 627 1357 ἐξαιτοῦνται
657 1309 837 1350 διελθεῖν
864 1308 938 1358 τοὶς
956 1310 1201 1365 κλεισούρας
1227 1310 1300 1352 καί
1318 1315 1569 1365 προσβαλεῖν
1598 1318 1684 1360 τοῖς

244 1371 444 1421 Σκύθαις.
516 1370 538 1413 ὅ
569 1375 616 1415 δὲ
653 1373 758 1427 πρὸς
786 1377 909 1415 τοῦτο
944 1377 1163 1428 α’νένευσε,
1206 1377 1488 1433 προεφθακώς
1512 1380 1682 1419 σπείσαι-

105 1445 148 1479 V.
170 1448 226 1481 161
244 1439 349 1479 σθαι
375 1436 478 1490 μετὰ
511 1438 592 1480 τῶν
621 1441 811 1492 Σκυθῶν,
844 1439 985 1492 εἰπών,
1016 1439 1072 1488 ὥς
1091 1441 1168 1482 “οὐ
1197 1443 1320 1496 χρεία
1349 1441 1392 1484 τὸ
1423 1442 1558 1495 παρὸν
1583 1446 1736 1497 flamm:

242 1506 364 1551 θείας
391 1502 515 1556 ἡμῖν·
572 1502 764 1556 λαβόντες
788 1502 910 1546 ἱκανὰ
939 1506 1320 1561 ἐπαναστρέψατε.”
1376 1507 1447 1549 καί
1476 1512 1680 1563 φιλοφρο·

242 1565 468 1621 νησάμενος
496 1566 591 1617 τοὺς
619 1570 838 1622 πρέσβεις,
870 1571 984 1625 δῶρά
1013 1586 1058 1612 τε
1087 1570 1208 1613 ἱκανοὶ
1238 1572 1418 1624 ἐπιδούς,
1445 1575 1534 1625 μετ’
1565 1571 1681 1629 εἰρή-

241 1649 313 1687 νης
339 1628 570 1674 ἀπέστειλε.
626 1635 749 1674 τοῦτο
780 1633 941 1689 θάρσος
967 1642 1051 1685 τοῖς
1070 1638 1254 1686 Σκύθαις
1285 1640 1469 1691 ἐνέβαλε,
1502 1641 1573 1680 καί
1601 1656 1680 1681 πα-

240 1697 602 1753 ρασπονδήσαντες
629 1701 701 1753 τῆς
728 1702 932 1756 προτέρας
959 1701 1263 1758 ἀπανθρωπίας
1289 1702 1459 1757 εἴχοντο,
1488 1702 1679 1759 ληϊζόμε·

331 1787 362 1830 4.
385 1782 427 1822 τὸ
456 1786 537 1825 add.
566 1788 608 1820 G.
704 1799 759 1820 20.
788 1787 838 1827 ὥς
862 1800 930 1822 om.
956 1790 1027 1823 CG.

239 1866 374 1907 sactus,
414 1878 492 1899 eum
516 1867 671 1900 reditum
710 1879 832 1901 eorum
866 1875 1111 1914 exspectaret,
1141 1870 1179 1903 in
1214 1876 1312 1916 metu
1339 1876 1425 1904 erat.
1452 1870 1548 1904 misit
1571 1871 1678 1916 igitur

239 1914 427 1956 synesium
452 1913 497 1946 ad
517 1913 675 1957 Scythas,
706 1916 820 1948 aureis
849 1916 1062 1950 instructum
1087 1916 1208 1958 bullis,
1236 1929 1312 1950 cum
1337 1917 1393 1952 his
1416 1918 1602 1958 mandatis,
1628 1924 1677 1959 ut,

239 1960 269 1992 si
298 1959 423 1993 foedus
441 1960 530 1993 inire
549 1960 686 1994 vellent
709 1961 925 2008 obsidesque
951 1963 1045 2004 dare,
1072 1970 1222 2005 curaret,
1239 1976 1284 1996 ne
1300 1964 1450 1997 ulterius
1476 1965 1677 2006 tenderent,

239 2005 303 2039 sed
328 2006 366 2038 in
392 2017 433 2038 eo
449 2032 458 2047 ,
487 2018 593 2051 quem
612 2015 866 2052 occupassent,
892 2010 972 2042 loco
995 2016 1192 2051 manerent,
1218 2017 1324 2056 atque
1354 2012 1403 2045 ita
1419 2022 1532 2044 rerum
1553 2022 1677 2044 neces—

239 2053 408 2085 sariarum
442 2053 573 2096 largam
607 2055 745 2098 copiam
781 2056 1037 2100 suppeditaret.
1092 2057 1251 2090 habebat
1278 2058 1372 2090 enim
1408 2059 1445 2090 in
1471 2059 1609 2098 animo,
1633 2058 1675 2091 iis

237 2098 406 2133 adversus
420 2099 594 2133 Comanos
609 2101 672 2141 uti,
695 2102 724 2133 si
742 2101 787 2134 ad
805 2103 932 2135 Istrum
946 2103 1006 2136 isti
1026 2104 1166 2143 reversi,
1191 2104 1342 2137 ulterius
1360 2103 1549 2148 procedere
1567 2115 1674 2137 cona-

237 2150 370 2178 rentur.
395 2146 452 2178 sin
467 2151 584 2179 autem
602 2148 752 2190 Scythae
772 2148 981 2189 abnuerent,
998 2151 1115 2183 statim
1132 2151 1202 2182 illis
1217 2151 1268 2183 ibi
1285 2151 1430 2191 relictis,
1450 2151 1574 2184 reverti
1596 2162 1676 2183 eum

235 2191 348 2224 iussit.
376 2193 543 2234 Synesius
569 2193 632 2225 ubi
651 2194 1044 2240 adScythaspervonit,
1070 2197 1247 2238 disseruit,
1267 2209 1358 2242 quae
1376 2209 1429 2230 res
1455 2196 1674 2242 postulabat,

235 2239 495 2283 persuasitque,
517 2245 558 2272 ut
581 2239 705 2273 foedus
726 2253 803 2273 cum
820 2242 1035 2287 imperatore
1054 2243 1203 2285 inirent3
1227 2255 1266 2276 ac
1290 2243 1423 2277 diutius
1444 2244 1495 2276 ibi
1517 2255 1674 2277 commo-

237 2295 332 2325 rans,
350 2285 476 2318 officiis
490 2286 602 2319 coluit
622 2297 754 2327 omnes,
770 2300 959 2334 causasque
975 2290 1207 2323 offensionum
1219 2302 1360 2334 prorsus
1373 2291 1529 2324 sustulit.
1543 2291 1673 2324 reversi

237 2336 354 2364 autem
371 2331 530 2372 Comani,
557 2331 602 2364 ad
625 2333 760 2366 bellum
784 2347 861 2366 cum
882 2335 1020 2378 Scythis
1038 2336 1230 2380 gerendum
1255 2338 1381 2381 parati,
1410 2349 1486 2369 cum
1515 2348 1575 2370 eos
1599 2348 1674 2370 non

237 2377 479 2419 invenissent,
505 2378 568 2411 sed
595 2379 753 2412 clusuras
782 2383 948 2414 transisse
981 2389 1034 2425 et,
1060 2389 1249 2428 postquam
1273 2384 1477 2416 Marcellam
1500 2394 1674 2428 pervene-

235 2424 324 2466 rint,
349 2435 471 2469 pacem
495 2436 570 2458 cum
598 2425 810 2470 imperatore
835 2429 1013 2472 pepigisse
1048 2429 1280 2471 didicissent,
1317 2435 1463 2475 petunt,
1490 2435 1531 2463 ut
1554 2430 1673 2462 clusu-

235 2481 289 2502 ras
327 2471 476 2504 transire
501 2471 719 2516 Scythasque
760 2473 900 2518 aggredi
938 2475 1005 2507 sibi
1040 2476 1176 2508 liceret.
1213 2476 1252 2508 id
1274 2476 1349 2517 ille,
1383 2476 1527 2510 foedere
1550 2476 1671 2521 paullo

235 2522 318 2550 ante
343 2528 421 2550 cum
445 2517 583 2561 Scythis
607 2518 698 2558 icto,
728 2518 855 2556 abnuit
880 2520 1026 2562 dicens,
1061 2523 1097 2554 in
1126 2524 1303 2567 praesenti
1328 2524 1463 2556 auxilio
1488 2522 1558 2556 sibi
1583 2534 1670 2567 opus

234 2574 307 2596 non
336 2574 429 2607 esse3
455 2575 564 2609 quare
587 2565 792 2598 muneribus
834 2568 1026 2607 cumulati,
1052 2568 1193 2601 domum
1228 2569 1396 2603 redirent.
1425 2570 1546 2613 itaque
1570 2569 1670 2611 lega-

234 2614 290 2642 tos
319 2609 415 2643 laute
439 2617 623 2655 acceptos,
660 2610 764 2644 donis
789 2617 844 2645 sat
868 2614 990 2646 multis
1031 2615 1184 2655 additis,
1210 2628 1289 2649 cum
1315 2627 1402 2660 pace
1428 2616 1574 2648 dimisit.
1604 2615 1679 2647 lme-

233 2666 271 2688 re
292 2656 442 2700 Scythae
471 2663 568 2692 metu
595 2657 757 2700 liberati,
792 2658 936 2694 foedere
972 2660 1066 2694 laeso
1082 2687 1090 2703 ‚
1135 2662 1256 2696 eadem
1282 2673 1351 2708 qua
1377 2668 1481 2696 antea
1506 2662 1668 2700 immani·
