1754 3086
258 85 371 151 324
705 103 886 145 ANNAE
930 101 1222 146 COMNENAE

254 201 306 245 τὰ
334 201 439 243 κατὰ
469 200 567 250 τούς
587 202 757 251 Σκύθας
774 201 1076 258 μεμαθηκότες,
1106 200 1131 243 ὃ
1158 201 1288 244 πάλαι
1308 194 1470 254 α’ἷδινον,
1501 201 1562 250 εἷς
1589 202 1681 256 φῶς

254 267 457 323 ἐξήγαγον.
525 269 597 309 καί
637 266 914 321 κατασχόντες
949 269 1022 316 τὰς
1049 268 1250 323 τραχείας
1290 266 1415 315 ὁδούς
1442 267 1515 309 καί
1530 281 1681 308 στενω-

252 334 383 386 πούς,
425 334 722 384 μετεκαλοῦντο
763 332 857 382 τοὺς
895 331 1078 380 Σκύθας.
1147 333 1372 374 κάντεῦθεν
1413 330 1487 385 τήν
1513 328 1682 373 ἅπασαν

243 397 461 450 Ῥωμαίων
497 400 704 454 ἐληΐζοντο
743 398 900 453 χώραν.
974 400 1087 451 γένος
1115 397 1194 452 γάρ
1223 395 1262 438 οἱ
1292 400 1527 451 Μανιχαῖοι
1555 394 1682 452 φύσει

247 462 542 516 μαχιμώτατον
580 463 653 505 καί
701 464 875 517 αἶ’μασιν
913 461 1145 517 ἀνθρώπων
1184 460 1414 518 λαφύσσειν
1452 463 1742 517 καθαπερείό.

247 527 366 578 κύνες
397 526 465 570 dee
493 527 763 583 ἷμειρόμενον.
837 530 971 570 ταῦτα
1009 527 1029 570 ὃ
1058 526 1257 580 βασιλεύς
1283 529 1459 578 Ἀλέξιος
1486 530 1682 581 μεμαθη-

247 591 352 646 κώς,
384 591 708 648 παρακελεύεται
736 597 790 651 τῷ
822 597 1044 650 δομεστίκῳ
1071 596 1141 646 τῆς
1171 589 1348 647 ἑσπέρας
1378 594 1679 648 Πακουριανῷ,

246 658 455 713 γινώσκων
482 658 608 700 αὐτόν
633 658 881 700 ἱκανώτατον
918 661 1187 711 οἰκονομῆσαι
1212 656 1450 713 στράτευμα
1477 657 1548 700 καί
1576 656 1680 698 κατὰ

249 725 444 780 φάλαγγα
473 727 617 779 στῆναι
654 727 725 765 καί
757 723 984 778 παράταξιν
1016 723 1411 778 διαμηχανήσασθαι
1440 720 1681 764 ποικιλώτα-

204 797 340 844 Βτον,
369 790 447 832 σὺν
475 787 590 847 αὐτῷ
618 792 673 847 τῷ
701 792 850 845 Βρανᾷ
880 788 1002 844 (ἀνὴρ
1033 790 1079 830 δὲ
1101 791 1172 829 καί
1209 783 1326 836 οὗτος
1353 786 1677 843 μαχιμώματος)
1697 798 1727 824 ιι

246 855 320 903 τὰς
350 854 548 907 δυνάμεις
575 855 882 908 ἀναλαβόμενον
910 860 994 897 κατ’
1020 857 1156 896 αὐτῶν
1185 854 1394 895 ἀπελθεῖν.
1421 853 1682 906 ’καταλαβών

249 922 295 962 δὲ
326 919 422 968 τούς
452 920 618 969 ,Σκύθας
648 919 885 970 διελθόντας
912 919 1009 969 τούς
1036 919 1266 968 στενωπούς
1292 921 1363 960 καί
1383 920 1458 974 τῆς
1483 916 1682 961 Βελιατό-

247 989 323 1040 βης
341 985 457 1027 ἔνθεν
470 984 540 1027 τὸν
561 983 729 1040 χάρακα
747 987 1015 1039 πηξαμένους,
1033 988 1188 1040 πλῆθος
1217 981 1501 1040 ἀναρίθμητον
1514 983 1684 1033 τούτους

249 1052 531 1104 θεασάμενος,
573 1051 672 1106 πρὸς
714 1049 785 1092 τὸν
812 1053 899 1103 μετ’
944 1052 1081 1092 αὐτῶν
1122 1049 1249 1100 εὐθὺς
1278 1047 1534 1105 ιῖπενάρκησε
1561 1048 1682 1091 πόλε-

249 1121 350 1169 μον,
379 1120 538 1169 βέλτιον
579 1117 758 1169 νομίζων
785 1116 859 1165 τοὶς
883 1118 990 1164 ἰδίας
1032 1116 1076 1158 τὸ
1107 1113 1241 1170 παρόν
1267 1116 1453 1171 α’μαχητὶ
1477 1116 1680 1157 διασῶσαι
1698 1114 1731 1153 ιξ

251 1181 460 1234 δυνάμεις,
493 1179 519 1237 ἢ
545 1181 615 1223 τὸν
645 1180 752 1235 μετὰ
781 1185 861 1223 ταῖν
880 1184 1056 1223 Σκυθῶν
1071 1177 1380 1233 οἶναδυσαμενον
1408 1179 1588 1234 πόλεμον
1614 1180 1686 1222 καί

250 1248 482 1302 ἡττηθέντα
515 1247 689 1296 πολλοὺς
718 1248 1032 1290 ἀπολωλεκέναι.
1097 1246 1203 1289 α’λλιὶ
1235 1250 1291 1304 τῷ
1319 1249 1466 1305 Βρανᾷ
1497 1250 1685 1303 φιλοκιν-

84 1307 87 1314 s
122 1317 234 1351 P·183
253 1311 464 1370 ὃυνοτάτῳ
496 1329 538 1354 τε
582 1314 655 1354 καί
688 1316 846 1368 θρασεῖ’
882 1309 971 1354 ὄντι
1006 1316 1140 1355 ταῦτα
1179 1314 1254 1353 οὐκ
1281 1309 1463 1368 ἤρεσκεν.
1519 1309 1541 1353 ὅ
1570 1314 1616 1353 δέ
1637 1327 1684 1366 γε

252 1379 515 1432 δομέστικος,
554 1378 622 1421 ἵνα
650 1378 709 1434 μὴ
745 1381 900 1428 δειλίας
925 1377 1087 1433 ὑποψία
1116 1395 1179 1429 τις
1220 1381 1307 1420 κατ’
1340 1380 1472 1421 αὐτοῦ
1500 1379 1685 1431 α’ναβαλ-

343 1522 375 1544 2.
398 1513 461 1546 καὶ
485 1507 694 1551 στενωποὺς
721 1507 829 1552 ὁδοὺς
854 1513 892 1545 Α.
987 1513 1019 1545 3.
1036 1514 1297 1559 ιιετεκαλοῦντο
1324 1512 1360 1545 C.
1385 1510 1607 1570 μετεκάλουν
1633 1510 1682 1551 A,

342 1559 600 1594 κατεκαλοῦντο
618 1560 685 1592 PG.
779 1560 810 1592 5.
834 1563 1038 1605 καθαπερει
1051 1560 1090 1601 C,
1116 1560 1285 1604 καθάπερ
1303 1561 1340 1592 οἱ
1355 1559 1422 1599 PG,
1439 1557 1564 1602 ὥσπερ
1590 1559 1628 1593 οἱ
1643 1558 1682 1591 A.

343 1607 376 1639 8.
409 1605 616 1639 ἱκανώτατα
641 1606 681 1638 G.
813 1619 845 1650 9.
871 1607 946 1649 ltge
975 1606 1116 1649 anjam.
1232 1609 1295 1640 καὶ
1319 1605 1528 1650 παράταξιν
1551 1605 1683 1661 διαμη-

341 1654 585 1697 χανήσασθαι
607 1664 675 1685 om
700 1653 741 1685 G.
858 1652 1063 1698 παράταξιν
1091 1654 1139 1693 C,
1166 1653 1368 1708 πράγματα
1385 1654 1418 1685 P.
1512 1650 1683 1686 ποικιλώ-

345 1711 436 1756 ταιιει
464 1699 534 1731 CG.
661 1711 709 1731 ιι.
734 1699 1032 1745 ἀναλαβοιιινους
1057 1701 1107 1740 Α,
1134 1698 1412 1745 ἀναλαβόμενοι]
1444 1699 1511 1732 PG
1634 1708 1685 1730 ια.

348 1745 388 1780 δὲ
413 1745 431 1781 ὁ
459 1746 671 1792 δοιιέστικος
696 1746 735 1779 A.
856 1746 999 1785 σκύθας
1028 1749 1135 1783 ἔνθεν
1159 1746 1233 1781 τῶν
1259 1746 1458 1782 στενωπῶν
1479 1744 1686 1791 βελιατόβης

347 1788 412 1827 τὸν
433 1791 580 1839 χάρακα
605 1794 645 1825 A.
768 1796 817 1828 13.
837 1793 927 1827 ἔνθα
955 1794 991 1826 C.
1114 1795 1163 1827 16
1192 1794 1268 1837 lege
1293 1791 1588 1839 ἀναδησάμενον-
1613 1791 1685 1823 vid-

346 1845 506 1872 annotat.
616 1851 666 1884 ¹7·
696 1837 924 1877 ἀπολωλέναι
949 1840 989 1873 G.
1110 1841 1159 1874 18.
1183 1851 1219 1874 τε
1242 1851 1309 1873 οιιι.
1339 1840 1380 1873 G.
1503 1851 1551 1886 19.
1577 1838 1684 1885 δομέ-

353 1895 473 1924 στικος
496 1885 748 1932 πακουριάνος
773 1887 814 1922 A.

260 1997 391 2043 quibus
419 2009 522 2043 supra
550 1999 710 2043 pluribus
737 2001 888 2044 egimus,
917 1999 979 2032 ubi
1006 2000 1049 2033 de
1069 1999 1255 2043 Sytharum
1282 1998 1386 2032 rebus
1410 1997 1566 2038 audiere,
1590 1995 1688 2041 qnod

262 2044 396 2077 dudum
432 2049 688 2089 parturierunt,
731 2048 828 2079 enixi
865 2053 957 2080 sunt.
990 2048 1167 2091 occupatis
1200 2046 1293 2079 enim
1319 2046 1383 2079 viis
1408 2045 1541 2090 asperis
1566 2048 1603 2076 et
1625 2054 1689 2075 an-

262 2092 395 2135 gustis,
429 2091 576 2135 Scythas
609 2099 837 2134 arcesserunt,
863 2095 1165 2138 Romanorumque
1192 2093 1322 2125 dehinc
1349 2092 1519 2125 ditionem
1550 2090 1690 2122 univer—

263 2149 335 2171 sam
359 2138 523 2171 infestam
549 2139 740 2173 habebant.
777 2140 954 2185 siquidem
983 2140 1180 2173 Manichaei
1218 2145 1340 2172 natura
1363 2137 1627 2171 bellicosissimi
1650 2146 1690 2168 ac

263 2185 462 2229 sanguinis,
486 2186 599 2219 veluti
627 2198 752 2228 canes,
793 2187 1024 2231 cupidissimi.
1049 2187 1136 2219 haec
1160 2186 1220 2218 ubi
1246 2186 1439 2231 imperator
1464 2184 1608 2217 Alexius
1631 2193 1690 2214 ac-

263 2231 380 2276 cepit,
414 2231 643 2266 domesticum
683 2234 875 2266 occidentis
905 2235 1158 2274 Pacurianum,
1186 2244 1289 2278 quem
1328 2233 1501 2265 exercitus
1536 2228 1691 2262 (lucendi

266 2277 551 2323 disponendique
587 2285 622 2312 et
660 2282 746 2313 aciei
780 2280 1005 2313 instruendae
1042 2292 1146 2325 quam
1185 2281 1334 2312 maxime
1369 2279 1521 2324 peritum
1556 2287 1691 2330 cogno—

266 2329 340 2365 rat,
355 2335 439 2357 una
475 2337 553 2358 cum
580 2326 715 2368 Brauu,
754 2329 815 2371 qui
852 2333 888 2360 et
920 2329 995 2372 ipse
1023 2327 1232 2359 fortissimus
1270 2331 1366 2366 erat,
1403 2325 1531 2358 coactis
1556 2322 1690 2367 copiis,

267 2370 434 2404 adversus
461 2383 519 2404 eos
545 2373 720 2416 proficisci
744 2375 855 2406 iussit.
881 2374 909 2405 is
936 2386 1013 2406 cum
1041 2373 1084 2406 ad
1110 2373 1254 2416 Scythas
1275 2373 1513 2417 pervenisset,
1542 2370 1604 2414 qui
1631 2379 1691 2401 su-

266 2418 399 2463 peratis
427 2419 598 2462 angustiis
629 2420 715 2452 citra
738 2420 955 2453 Beliatobam
983 2426 1095 2453 castra
1121 2424 1333 2464 posuerant,
1374 2428 1506 2463 eosque
1529 2417 1692 2449 innume-

266 2475 323 2497 ros
349 2475 423 2497 esse
448 2471 628 2506 cerneret,
653 2467 791 2511 proelio
817 2467 933 2499 statim
962 2467 1147 2506 abstinuit,
1171 2467 1278 2500 satius
1302 2465 1432 2498 ducens
1458 2463 1577 2508 copias
1600 2473 1692 2502 suas,

264 2511 304 2543 in
329 2512 505 2556 praesenti
546 2523 662 2556 pugna
694 2524 767 2545 non
792 2514 996 2553 commissa,
1020 2514 1170 2553 servari,
1215 2524 1320 2558 quam
1344 2512 1480 2556 proelio
1502 2510 1594 2543 inito
1633 2518 1693 2540 ac-

266 2563 442 2603 ceptaque
483 2558 584 2592 clade
607 2559 737 2592 multos
759 2560 885 2604 perire.
945 2559 1008 2592 sed
1038 2560 1192 2600 Branae,
1221 2561 1282 2605 qui
1320 2559 1364 2591 ad
1396 2557 1552 2603 pericula
1575 2565 1693 2600 prom-

266 2604 424 2638 tissimus
452 2611 559 2650 atque
595 2606 709 2639 audax
729 2612 825 2647 erat,
859 2606 946 2638 haec
970 2617 1042 2638 non
1077 2606 1277 2650 placebant.
1299 2605 1531 2643 domesticus,
1555 2612 1599 2635 ne
1614 2613 1693 2655 'pu-

268 2661 371 2696 gnam
398 2651 595 2688 differendo
633 2653 794 2698 ignaviae
833 2653 1068 2698 suspicionem
1092 2652 1245 2695 subiret,
1278 2653 1409 2686 Branae
1432 2647 1691 2696 importunitati
