1754 3086
181 69 212 121 3
224 68 293 122 26
634 85 816 126 ANNAE
868 83 1163 127 coMNENAE

179 195 260 248 ραν
285 191 514 249 ἀξιόμαχον
530 194 823 248 καταλιπόντα,
854 193 956 248 μετά
988 194 1126 247 μόνων
1155 194 1237 236 τῶν
1258 196 1427 237 Κελτῶν
1455 198 1515 246 εἰς
1539 195 1613 240 τὸν

183 261 373 305 Τατίκιον
406 263 565 316 γοργῶς
602 263 833 316 ἐφθακέναι
871 258 1216 314 παρεκελεύσατο.
1285 255 1404 310 οὗτος
1442 262 1490 303 δὲ
1515 262 1614 313 τούς

178 330 390 375 Λατίνους
415 325 488 368 καὶ
528 325 600 368 τὸν
633 325 1008 382 Οὕμπερτόπουλον
1044 322 1303 377 θεασάμενος
1351 325 1424 368 καί
1461 330 1614 383 τεθαρ-

179 392 336 448 ρηκώς,
367 394 459 434 ε’πεί
489 394 562 433 καί
584 389 727 434 ἱκανὸν
755 388 1009 447 προεφθάκει
1037 393 1314 441 συλλέξασθαι
1352 393 1614 448 στράτευμα,

179 457 359 500 κατευθύ
380 459 555 499 Σκυθῶν
584 456 770 512 ἐχώρησε
796 458 1067 510 παραχρῆμα.
1097 456 1343 510 καταλαβών
1367 460 1414 500 δὲ
1440 457 1489 500 τοὶ
1519 459 1618 513 περὶ
1627 458 1652 499 5

179 523 256 579 τήν
287 522 652 576 Φιλιπποὺπολιν,
697 521 810 578 παρά
849 523 904 578 τῷ
931 519 1063 575 χείλει
1100 523 1174 563 τοῦ
1203 521 1307 564 κατὰ
1335 522 1408 565 τὸν
1435 526 1616 566 Βλίσνον

180 590 348 644 ῥέοντος
376 591 566 643 ποταμοῦ
588 588 758 643 χάρακα
786 586 1000 641 πήγνυται.
1057 586 1162 628 ἐπάν
1193 589 1239 629 δὲ
1265 586 1363 637 τούς
1378 590 1546 639 Σκύθας
1571 591 1616 632 ἐκ

180 657 392 710 προνομῆς
418 656 774 709 ἑπανερχομένους
812 651 1017 695 ἐθεάσατο
1047 653 1162 694 λείαν
1183 653 1337 710 πολλὴν
1364 653 1435 696 καί
1465 657 1618 710 δορυα-
1646 657 1652 664 ’

136 729 168 761 D
182 722 339 769 λώτους
360 721 730 774 συνεπαγομένους,
752 717 876 773 μήπω
896 716 1045 771 σχεδὸν
1061 717 1136 767 τας
1151 718 1404 770 κατασκευὰς
1427 719 1525 763 εἴσω
1543 722 1620 762 τοῦ

180 787 365 840 χάρακος
392 788 685 838 καταθέμενος,
717 783 884 833 ἱκανούς
904 784 979 825 τοῦ
1001 786 1183 836 στρατοῦ
1200 784 1505 838 α’ποτεμόμενος
1532 788 1619 828 κατ’
1637 801 1683 828 ιο

181 851 325 893 αὐτῶν
348 853 559 903 ἐκπέμπει.
593 850 719 898 αὐτὸς
744 851 789 891 δὲ
803 847 1078 903 ὁπλισάμενος
1090 849 1162 892 καί
1174 851 1327 901 πάντας
1345 848 1624 906 θωρὴξασθαι

180 913 401 968 κελεύσας,
431 915 507 965 τὰς
535 914 753 971 φάλαγγας
780 916 1162 970 καταστησάμενος,
1202 923 1289 965 τοῖς
1313 920 1625 974 προπεμφθεῖσι

182 981 409 1035 παρείπετο
454 982 745 1035 στρατιώταις.
815 979 1074 1033 θεασάμενος
1109 983 1154 1023 δὲ
1196 981 1295 1031 τούς
1323 983 1490 1031 Σκύθας
1515 981 1623 1035 μετὰ

183 1049 267 1088 τῶν
296 1045 498 1102 λαφύρων
524 1049 596 1088 καί
622 1049 704 1088 τῶν
736 1048 1011 1102 δορυαλώτων
1042 1049 1096 1103 τῷ
1121 1049 1317 1106 ἐπιλοίπῳ
1347 1048 1626 1103 στρατεύματι

185 1115 266 1154 τῶν
300 1114 477 1154 Σκυθῶν
525 1108 754 1162 ἓνωθέντας
792 1111 892 1154 κατά
936 1113 1010 1154 τὸν
1050 1112 1223 1167 σπιορὸν
1262 1109 1413 1168 ὄχθον,
1453 1116 1551 1168 διχῆ
1574 1113 1622 1155 τὸ
1643 1114 1704 1155 15'

187 1176 428 1233 στράτευμα
457 1177 605 1220 διελών
632 1177 705 1220 καί
732 1178 778 1219 τὸ
801 1176 994 1220 ἐνυάλιον
1019 1176 1277 1234 ἑκατέρωθεν
1303 1182 1460 1234 η’χῆσαι
1485 1177 1627 1220 κελεύ-

59 1246 94 1279 Ρ·
115 1246 172 1288 184
187 1259 288 1296 σας,
329 1242 409 1285 σύν
449 1243 678 1301 ἀλαλαγμῷ
708 1246 780 1286 καί
805 1246 883 1300 βοῇ
912 1246 1044 1300 πολλῇ
1078 1244 1330 1300 προσβάλλει
1355 1250 1439 1295 τοῖς
1466 1242 1629 1299 βαρβά-

188 1325 288 1363 ροις.
347 1310 420 1350 καί
445 1311 649 1364 καρτερᾶς
671 1312 742 1364 τῆς
768 1310 909 1364 μάχης
936 1312 1166 1365 γενομένης,
1193 1310 1390 1353 πίπτουσι
1418 1313 1503 1354 τῶν
1521 1314 1631 1353 Σκυ-

188 1379 277 1417 θῶν
306 1373 343 1416 οἱ
371 1378 570 1428 πλείονες,
594 1377 737 1416 πολλοὶ
764 1377 810 1417 δὲ
837 1374 912 1416 καί
928 1377 1226 1429 διασπαρέντες
1244 1376 1478 1432 ἐσώθησαν.
1533 1375 1554 1419 ὃ
1583 1377 1631 1420 δὲ

189 1439 264 1496 τήν
293 1442 408 1482 λείαν
437 1442 577 1482 πᾶσαν
614 1439 947 1493 οἷναλαβόμενος,
987 1440 1149 1495 νικητὴς
1191 1441 1264 1496 τήν
1298 1442 1694 1485 Φιλιππούπολινκο

190 1507 514 1560 καταλαμβάνει.
546 1509 657 1548 κεῖθι
683 1507 730 1547 δὲ
758 1504 804 1547 τὸ
831 1504 1041 1548 ὁπλιτικὸν
1069 1503 1181 1548 ἅπαν
1200 1510 1490 1562 καταθέμενος,
1518 1506 1632 1551 ἐσκό-

270 1663 317 1691 ,ι-
340 1650 469 1698 μόνων
493 1650 567 1691 AG,
592 1650 714 1696 μόνον
739 1650 775 1683 P.
868 1651 902 1685 3.
925 1652 989 1684 καὶ
1014 1651 1162 1684 alterum
1188 1663 1256 1685 om.
1281 1652 1319 1685 A.
1411 1653 1445 1687 6.
1459 1648 1513 1687 ’τὰ
1533 1655 1636 1708 χείλη

285 1698 357 1731 CG.
452 1699 614 1734 Βλίσνον
638 1697 705 1738 CA,
731 1699 878 1741 βλίονον
901 1697 1117 1738 6,Σαλίνον
1133 1699 1167 1731 Ρ.
1279 1711 1310 1743 9.
1338 1710 1566 1740 κατασκευας
1589 1702 1638 1741 Α,

285 1741 420 1783 σκευὰς
446 1745 517 1777 PG.
617 1756 666 1778 10.
693 1744 760 1778 τοῦ
788 1744 951 1790 στρατοῦ
975 1744 1057 1777 add.
1081 1746 1121 1776 A.
1220 1756 1270 1777 ιι.
1297 1745 1359 1780 dlis:
1378 1757 1415 1780 τε
1442 1747 1484 1781 Α.
1583 1747 1636 1790 14.

283 1791 360 1826 τῶν
386 1792 536 1824 alterum
565 1791 647 1824 add.
671 1791 709 1824 Α.
827 1793 877 1825 15.
902 1788 1062 1837 σπιορόν
1087 1791 1155 1831 PG,
1181 1786 1322 1838 πιρῥόν
1345 1792 1382 1834 C,
1404 1793 1524 1840 πυρὸν
1545 1793 1575 1827 Α
1600 1798 1638 1828 et

285 1839 324 1872 ln
349 1839 504 1883 margine
529 1839 565 1872 P.
591 1838 672 1883 lege
698 1837 832 1884 Εὔρου.
950 1848 1005 1872 2ι.
1037 1833 1190 1874 &nm-adu
1213 1839 1248 1872 Ρ.

194 1963 319 2010 pulum
343 1967 478 2002 autem,
516 1962 642 1995 relicto
677 1962 793 2006 Cyzici
829 1962 1012 2007 praesidio
1042 1962 1197 2004 idoneo,
1234 1973 1312 1995 cum
1343 1963 1427 1996 solis
1456 1963 1568 1997 Gallis
1591 1963 1639 1998 ad

194 2011 372 2043 'faucium
396 2009 561 2042 celeriter
585 2020 729 2053 pergere
753 2010 868 2043 iussit.
893 2010 952 2042 hic
975 2021 1054 2042 cum
1082 2010 1225 2043 Latinos
1251 2015 1358 2055 atque
1380 2010 1637 2055 Ubertopulum

195 2056 356 2097 videret,
393 2056 602 2088 confirmato
641 2057 778 2097 animo,
821 2058 920 2102 (nam
950 2056 1118 2089 idoneum
1155 2062 1236 2088 ante
1263 2057 1455 2089 exercitum
1481 2059 1638 2090 conscri-

196 2106 343 2149 pserat,)
368 2103 487 2135 statim
513 2102 680 2135 adversus
703 2103 850 2145 Scythas
876 2103 1060 2148 profectus
1087 2108 1150 2136 est.
1176 2102 1446 2148 Philippopolin
1469 2103 1531 2136 ubi
1556 2115 1639 2149 per-

196 2150 319 2190 venit,
342 2151 380 2182 in
405 2149 479 2193 ripa
506 2149 603 2181 fluvii
629 2149 674 2182 ad
698 2150 858 2182 Blisnum
885 2150 1027 2182 fluentis
1062 2155 1176 2182 castra
1200 2155 1355 2183 metatus
1383 2156 1455 2192 est3
1485 2162 1638 2196 cumque

198 2196 346 2239 Scythas
383 2207 404 2228 a
429 2195 664 2240 pabulatione
699 2196 890 2229 redeuntes
925 2208 1004 2230 cum
1032 2196 1166 2240 praeda
1200 2196 1315 2229 multa
1343 2202 1452 2241 atque
1491 2198 1639 2242 captivis

196 2243 352 2283 videret,
379 2242 464 2275 licet
494 2242 653 2275 nondum
689 2254 773 2275 vasa
806 2244 901 2276 intra
925 2243 1058 2276 vallum
1094 2243 1340 2287 deposuisset,
1362 2244 1491 2276 iustam
1513 2245 1551 2277 in
1579 2255 1640 2277 eos

196 2290 353 2323 militum
375 2294 514 2333 partem
537 2289 693 2322 immisit.
718 2290 806 2333 ipse,
831 2290 935 2322 armis
963 2291 1076 2334 captis
1102 2289 1340 2334 omnibusque
1368 2301 1405 2323 se
1434 2301 1641 2335 comparare

198 2337 323 2376 iussis,
359 2336 472 2368 aciem
495 2335 666 2368 instruxit
693 2341 730 2368 et
752 2337 964 2380 praemissos
997 2337 1130 2369 milites
1155 2342 1295 2369 secutus
1321 2342 1382 2369 est.
1406 2335 1468 2369 ubi
1493 2337 1641 2380 Scythas

199 2393 279 2415 curn
304 2382 437 2426 praeda
463 2386 500 2416 et
523 2382 671 2426 captivis
707 2393 782 2415 sese
808 2383 947 2427 reliquo
974 2383 1185 2426 Scytharum
1211 2383 1367 2416 exercitu
1394 2383 1433 2416 in
1456 2383 1540 2416 Euri
1566 2384 1643 2428 ripa

199 2429 463 2462 considentium
497 2427 699 2461 adiunxisse
734 2428 849 2469 vidit,
887 2429 1051 2462 bifariam
1077 2430 1235 2463 exercitu
1276 2430 1417 2470 diviso,
1456 2430 1642 2463 classicum

200 2476 381 2521 utrimque
408 2475 487 2508 cani
514 2475 645 2516 iussit,
685 2480 722 2507 et
750 2487 877 2519 magno
912 2487 992 2509 curn
1016 2477 1170 2510 clamore
1206 2476 1379 2510 barbaros
1405 2476 1554 2510 invadit.
1574 2489 1645 2522 pu-
1736 2489 1740 2491 ’

201 2534 268 2566 gna
294 2528 459 2556 conserta
483 2522 578 2562 acri,
603 2521 811 2566 Scytharum
835 2522 980 2566 plurimi
1004 2523 1203 2556 occubuere
1218 2549 1227 2564 ,
1253 2523 1359 2556 multi
1387 2522 1535 2568 dispersi
1559 2522 1644 2566 fuga
1740 2495 1754 2552 <i

201 2569 330 2603 servati
365 2576 458 2604 sunt.
513 2568 673 2602 Taticius
708 2567 840 2613 praeda
883 2569 979 2601 omni
1023 2570 1181 2613 potitus,
1223 2571 1340 2603 victor
1374 2568 1643 2614 Philippopolin

200 2617 369 2661 perrexit.
394 2615 445 2650 ibi
471 2627 551 2649 cum
575 2615 770 2650 exercitum
793 2626 933 2648 onmem
957 2616 1177 2658 collocasset,
1205 2615 1524 2662 circumspiciebat,
1549 2615 1643 2650 unde

1734 2632 1754 3086 Μώμῳ-ηπ..
1740 2559 1754 2617 „rw-³
1744 2459 1747 2469 Ἀ
1737 2426 1740 2428 ⁴
1748 2406 1750 2408 -
