1754 3086
252 73 363 133 366
697 90 878 132 ANNAE
917 89 1209 132 coMNENAE

250 190 428 239 σκοπούς
471 190 660 244 ἐπαφῆκε
699 190 850 231 θᾶττον
887 190 1001 246 αὕτῷ
1031 190 1391 244 ὃιαμηνύσασθαι,
1423 187 1595 244 ὁπηνίκα
1623 190 1669 232 τὸ

249 253 442 302 ναυτικὸν
493 255 570 296 τοῦ
605 256 883 310 Δαλασσηνοῦ
923 254 974 296 τὰ
1013 254 1250 310 πρυμνήσια
1296 253 1410 296 λύειν
1454 257 1673 309 ἐπείγεται,

250 325 411 366 ἐκεῖθεν
445 322 492 362 δὲ
528 317 599 361 τὸν
626 319 898 375 Δαλασσηνὸν
932 321 1230 372 μετεπέμπετο,
1273 317 1327 369 ὥς
1361 320 1470 374 τάχα
1500 321 1552 362 τὰ
1579 322 1676 375 περὶ

249 387 411 442 εἰρήνης
438 383 687 439 βουλόμενος
717 388 988 440 ἐπερωτῆσαι,
1016 384 1260 439 ἀπεγνωκώς
1284 382 1400 438 οἶμαι
1422 385 1675 439 παντάπασι,

248 452 350 508 πρὸς
377 451 421 494 τὸ
451 452 523 493 τοῦ
550 453 824 504 Δαλασσηνοῦ
849 457 1033 504 γενναῖον
1063 452 1134 492 καί
1175 453 1461 506 φιλοκίνδυνον
1492 447 1713 506 ἆφορῶν.5
1753 450 1754 481 i

250 517 272 560 ὃ
299 520 345 559 δὲ
385 519 444 566 εἰς
474 519 605 558 νέωτα
643 515 745 558 κατὰ
775 515 818 558 τὸ
846 512 970 571 ἄκρον
996 518 1069 570 τῆς
1097 520 1365 572 παρεμβολῆς
1390 518 1677 572 ἐξεληλυθέναι

249 587 305 641 τῷ
351 584 496 640 Τζαχᾷ
531 583 794 636 ἐπηγγείλατο
830 581 901 622 καὶ
935 583 1115 623 ἀκοῦσαί
1147 597 1192 623 τε
1232 582 1304 623 καί
1337 584 1465 624 εἰπεῖν
1477 614 1490 634 ,
1542 579 1677 624 ὁπόσα

250 650 411 705 ἀμφοῖν
451 646 608 690 τούτοιν
652 647 899 696 συνδόξειεν.
971 649 1060 688 οὐδ’
1096 645 1118 688 ὅ
1163 647 1376 702 βάρβαρος
1420 646 1526 702 πρὸς
1551 649 1678 689 τοῦτο

211 715 483 756 Οοῖνένευσεν.
558 710 660 753 ἀλλὰ
702 715 859 766 πρωΐας
892 708 1020 768 ἄμφω
1058 711 1116 754 τώ
1154 712 1370 768 στρατηγώ
1401 713 1503 755 κατὰ
1531 712 1679 755 ταύτὸν

250 782 512 834 ἐληλυθέτην,
550 779 620 819 καί
645 780 715 831 τῆς
753 776 918 830 ὁμιλίας
958 778 979 819 ὁ
1017 780 1184 832 Τζαχᾶς
1215 781 1445 833 κατῆρχεν,
1482 777 1708 831 ὄνομαστίι

249 847 393 886 τοῦτον
424 846 615 889 καλέσας.
687 841 814 884 “ib-9⁶
843 845 917 895 ἐμὲ
943 840 1049 885 εἶναι
1075 843 1121 885 τὸ
1147 842 1360 898 μειράκιον
1387 847 1514 886 ἐκεῖνο
1534 878 1547 898 ,
1578 841 1678 899 ὅπερ

249 907 382 950 πάλαι
420 907 496 962 τήν
534 908 681 950 Ἀσίαν
723 911 974 963 κατατρέχον
1010 910 1082 949 καί
1114 909 1307 962 ἐκθύμως
1348 909 1605 963 μαχοζμενον,
1637 911 1682 959 ἐξ

250 974 442 1028 ἀπειρίας
470 975 683 1028 α’πατηθὲν
710 971 844 1015 ἑάλων
872 974 986 1029 παρα
1026 977 1099 1016 τοῦ
1128 978 1352 1028 Καβαλίκα
1382 977 1537 1017 ἐκείνου
1565 976 1682 1018 >12⁶-

250 1040 445 1094 ξάνδρου.
501 1035 722 1081 κάντεῦθεν
753 1041 907 1096 ζωγρία
935 1045 1034 1097 παρ’
1061 1042 1197 1082 αὐτοῦ
1223 1042 1278 1097 τῷ
1305 1039 1571 1096 αὐτοκράτορι
1602 1044 1682 1084 Νι-

250 1106 419 1162 κηφόρῳ
451 1105 506 1161 τῷ
550 1106 802 1162 Βοτανειοὶτῃ
847 1108 1152 1159 προσενεχθέν,
1196 1108 1460 1161 παραχρῆμα
1509 1107 1557 1162 τῇ
1598 1108 1681 1147 τῶν
1699 1108 1728 1148 1³!

250 1173 692 1224 πρωτονωβελλισιζιιων
722 1173 814 1227 α”ξίᾳ
831 1174 1050 1226 τετίμημαι
1066 1174 1138 1212 καί
1152 1173 1319 1224 δωρεῶν
1338 1172 1528 1224 μεγάλων
1556 1172 1683 1222 α’ξιω-

250 1238 362 1288 θείς,
404 1236 646 1290 ὑπεσχόμην
687 1238 879 1277 δουλείαν
916 1237 1044 1293 αὐτῷ.
1115 1234 1258 1287 ἐξότου
1289 1238 1335 1278 δὲ
1361 1236 1436 1285 τὰς
1461 1237 1534 1291 τῆς
1558 1240 1683 1291 βασι-

207 1304 366 1352 Βλειάς
402 1301 521 1355 ἡνίας
559 1300 582 1342 ὅ
627 1301 846 1355 Κομνηνὸς
882 1303 1060 1353 Ἀλέξιος
1102 1301 1407 1355 περιεζώσατο,
1449 1303 1685 1344 ἐκκέκοπται

253 1364 431 1409 ἅπαντα.
499 1365 610 1420 κιῖγώ
653 1368 730 1419 μὲν
758 1361 831 1409 οὖν
858 1362 939 1421 ἤδη
967 1367 1014 1408 τό
1050 1369 1124 1422 τῆς
1151 1366 1311 1421 ἔχθρας
1340 1365 1473 1409 αἴτιον
1503 1367 1686 1421 ἀπαγγε-

252 1434 336 1474 λῶν
368 1429 471 1487 ἥκω.
539 1435 708 1485 μαθέτω
750 1434 796 1474 δὲ
839 1435 969 1474 ταῦτα
1009 1432 1128 1474 καίὃ
1174 1430 1438 1488 αὐτοκράτωρ
1469 1433 1543 1474 καί
1569 1431 1720 1486 εἴπερα

252 1500 445 1554 βουληθῇ
472 1496 547 1552 τὴν
574 1498 838 1553 οἷναφυεῖσαν
866 1497 1027 1553 ἔχθραν
1057 1501 1331 1553 διαλυθῆναι,
1380 1497 1514 1540 ὁπόσα
1543 1501 1685 1551 λαβεῖν

254 1563 435 1619 ὀφείλων
474 1565 721 1617 ἐστέρημαι,
758 1563 982 1611 ἄνελλιπῶς
1029 1562 1276 1618 ἆποὸοθήτω
1303 1579 1376 1617 μοι
1405 1562 1582 1605 ἅπαντα.
1649 1563 1688 1605 εἰ

254 1631 301 1672 δέ
328 1645 393 1672 σοι
419 1631 535 1671 δοκεῖ
568 1632 641 1670 καί
666 1628 715 1670 τοὶ
757 1630 879 1671 τέκνα
919 1629 1036 1685 ἡμῶν
1075 1635 1344 1686 συναφεῖναι,
1383 1619 1684 1685 προβεβλήσθω

343 1748 376 1780 3.
399 1742 444 1779 τὰ
468 1745 550 1778 add.
577 1746 614 1779 C.
714 1747 764 1790 ¹4·
793 1746 872 1790 lege
897 1747 1070 1792 ζωγρίαν.
1186 1748 1235 1782 ι5.
1263 1745 1457 1793 βοτανιάτῃ
1484 1746 1527 1779 G.
1630 1747 1680 1778 16.

341 1792 501 1838 πρώτων
528 1792 721 1839 ἡγεμόνων
745 1793 769 1824 Ρ
792 1793 831 1826 in
856 1794 1024 1837 margine.
1147 1804 1197 1838 19.
1225 1792 1466 1839 ἀπαγγέλλων
1491 1794 1530 1834 Ρ,
1558 1791 1684 1839 ἄπαγ-

340 1839 459 1885 γελῶν
483 1839 526 1872 G.
647 1840 702 1872 23.
731 1839 834 1874 δοκεῖ
856 1840 904 1882 C,
930 1840 1015 1887 δοκῇ
1033 1839 1100 1873 PG.
1254 1841 1333 1885 lege
1358 1839 1586 1887 συναφῆναι.

252 1946 449 1985 culatores,
473 1946 535 1990 qui
560 1945 629 1979 cito
655 1945 724 1979 sibi
749 1948 979 1988 nuntiarent,
1012 1947 1155 1992 quando
1194 1947 1314 1980 classis
1336 1947 1523 1980 Dalasseni
1546 1947 1684 1980 solvere

251 1998 415 2038 pararet3
441 1998 516 2025 tum
540 1992 586 2025 ad
607 1993 837 2026 Dalassenum
870 1993 914 2027 de
953 1995 1133 2040 colloquio
1170 1995 1284 2034 misit,
1327 1995 1422 2039 pacis
1459 1993 1683 2027 conditiones

252 2039 516 2084 propositurus,
555 2039 686 2072 diffisus
722 2046 808 2084 puto
844 2040 949 2073 rebus
981 2042 1075 2081 suis,
1111 2053 1188 2073 cum
1227 2041 1475 2074 fortitudinem
1499 2041 1684 2077 Dalasseni

253 2085 509 2131 audaciamque
533 2086 784 2120 consideraret.
823 2088 985 2132 promisit
1010 2087 1080 2120 dux
1098 2090 1295 2129 Romanus,
1321 2087 1493 2133 postridie
1518 2088 1683 2121 extremis

253 2133 375 2166 castris
397 2143 433 2166 se
467 2132 716 2177 proditurum,
741 2139 782 2167 ut
804 2134 944 2167 audiret
976 2140 1283 2180 proponeretque,
1318 2146 1409 2179 quae
1432 2134 1576 2179 utrique
1602 2134 1683 2178 pla-

253 2184 387 2212 cerent.
412 2180 548 2223 accepit
567 2179 810 2214 conditionem
838 2181 1018 2215 barbarus.
1060 2182 1184 2227 itaque
1208 2183 1424 2214 conveniunt
1449 2192 1553 2214 mane
1578 2180 1683 2214 duces

255 2226 382 2266 ambo,
421 2231 528 2270 atque
561 2226 715 2260 Tzachas
750 2229 971 2273 colloquium
1002 2240 1144 2261 exorsus
1175 2234 1246 2269 est,
1284 2229 1429 2261 nomine
1455 2228 1683 2260 Dalassenum

257 2273 452 2318 appellans.
476 2274 616 2314 “scito‚
640 2274 806 2307 iuvenem
828 2286 884 2307 me
924 2286 1000 2308 esse
1023 2276 1138 2315 illum,
1167 2276 1228 2320 qui
1264 2276 1348 2308 olim
1368 2275 1482 2309 Asiam
1511 2274 1685 2307 incursavi

257 2325 313 2359 et,
341 2325 528 2365 postquam
566 2320 757 2354 fortissime
780 2323 955 2366 pugnavi,
990 2322 1227 2367 imprudentia
1257 2325 1535 2362 circumventus,
1562 2327 1684 2366 captus

257 2377 332 2398 sum
359 2377 379 2398 a
405 2365 567 2399 Cabalica
591 2367 655 2399 illo
680 2368 896 2400 Alexandro.
925 2381 942 2400 a
967 2380 1038 2413 quo
1067 2381 1144 2402 cum
1170 2370 1374 2414 imperatori
1393 2369 1592 2414 Nicephoro
1618 2370 1686 2401 Bo-

255 2413 413 2446 taniatae
438 2413 580 2446 oblatus
607 2424 735 2455 essem,
769 2416 1089 2459 protonobilissimi
1123 2417 1238 2449 statim
1269 2416 1441 2461 dignitate
1474 2416 1685 2449 honestatus

256 2459 432 2505 donisque
454 2461 588 2503 magnis
616 2463 778 2503 affectus,
806 2461 1020 2506 obsequium
1045 2464 1113 2508 ipsi
1136 2464 1292 2509 promisi.
1317 2475 1438 2496 verum
1463 2474 1506 2496 ex
1529 2474 1600 2508 quo
1617 2463 1685 2496 Co·
1742 2470 1746 2500 ζ

255 2517 405 2539 mnenus
430 2507 573 2540 Alexius
597 2507 738 2552 imperii
776 2507 932 2541 habenas
954 2511 1110 2554 accepit,
1149 2511 1291 2544 rescissa
1315 2516 1396 2543 sunt
1421 2510 1550 2545 omnia.
1576 2515 1684 2554 atque
1732 2515 1747 2548 v=3

257 2563 321 2595 ego
344 2554 413 2586 iam
441 2553 589 2595 adveni,
615 2560 655 2587 ut
677 2555 937 2587 inimicitiarum
962 2566 1099 2588 causam
1131 2568 1354 2601 exponerem.
1380 2558 1566 2590 nuntietur
1589 2555 1686 2589 istud
1730 2572 1748 2601 '.

257 2600 363 2632 etiam
399 2601 626 2645 imperatori,
665 2602 729 2646 qui
767 2602 796 2634 si
832 2601 986 2635 sublatas
1021 2603 1224 2636 inimicitias
1261 2605 1368 2644 velit,
1411 2604 1685 2649 quibuscunque

257 2646 413 2690 privatus
439 2659 513 2680 sum
538 2647 732 2682 honoribus
759 2647 902 2690 debitis,
929 2650 1105 2684 cumulate
1134 2651 1307 2684 restituat.
1335 2651 1461 2696 quodsi
1486 2651 1553 2684 tibi
1579 2651 1686 2684 etiam
1718 2651 1749 2678 -sl
