1754 3086
676 195 997 239 PRAEFATIO.
1489 192 1565 231 XV

66 314 68 318 ’
115 313 207 358 τοῦ
233 301 563 368 Βαῖμούνδου·
634 302 717 349 καὶ
749 301 917 349 ὁπόσα
962 298 1408 364 ἐπραγματεύσατο
1439 295 1571 343 κατὰ

114 386 206 439 τοῦ
236 384 472 454 βασιλέως
504 385 594 439 τὴν
626 382 888 449 βασιλείαν
921 382 1149 446 γυρεύων·
1183 377 1266 425 καὶ
1282 375 1407 431 ὅπως
1440 377 1570 439 μετὰ

113 471 339 536 πονηρίας
373 467 591 533 ἐξέφυγε·
627 466 708 514 καὶ
744 467 802 519 ὡς
835 463 996 526 νεκρὸς
1031 464 1095 515 εἱς
1127 462 1218 515 τὴν
1252 461 1446 525 κορυφὼ
1482 476 1568 505 κα-

39 538 70 622 Ξ,
116 554 338 619 τέλαβεν,
379 546 466 604 ἤδη
502 548 799 612 ἐγράφησαν.
882 541 1071 606 Λεγέτω
1106 538 1159 588 δὲ
1195 541 1278 587 καὶ
1312 538 1413 587 ὅσα
1445 540 1573 602 μετὰ

34 630 71 699 f,
118 635 283 687 ταῦτα
317 635 597 700 εἰργάσατο.
667 631 796 678 Folia
829 630 998 693 implet
1015 626 1259 687 undecim,
1295 623 1573 687 desinitque

40 705 69 794 Ξ
120 721 172 768 in
203 720 325 766 haec
357 716 527 764 verba:
564 714 591 758 ὁ
631 710 863 776 βασιλεὺς
905 706 958 755 δὲ
994 708 1304 772 φρονήματος
1335 703 1395 752 ὢν
1428 706 1574 767 μεγά-

38 828 70 870 Γ
120 801 232 855 λου,
267 798 349 845 καὶ
381 797 546 860 ψυχὴν
582 790 874 859 ἀνανδρείαν
910 792 1085 848 (immo
1132 786 1388 853 ἀνδρείαν)
1423 785 1574 852 ἐ’χων,

114 881 239 927 λύων
265 879 325 925 τὸ
356 874 587 938 ὑπόδημα
621 873 802 931 αὐτοῦ,
835 873 893 919 ου’
929 872 1238 925 συνεστάλη·
1307 871 1422 917 ἀλλ’
1457 868 1573 917 εἶπε·

39 962 73 1023 ,ᾒᾶ
105 962 235 1027 πρὸς
251 961 311 1007 τὸ
335 961 493 1025 παρὸν
519 957 572 1014 ἂς
591 960 844 1021 ὑπάγωμεν
865 954 948 1003 ἵνα
968 957 1193 1021 φάγωμεν
1209 970 1219 981 ·
1256 953 1339 1000 καὶ
1360 953 1427 1000 τὰ
1443 955 1575 1000 κατὰ

117 1049 209 1092 τοῦ
221 1039 532 1104 Βαῖμούνδου
553 1042 701 1088 πάλιν
733 1037 816 1086 ἵνα
850 1037 1156 1099 σκεψώμεθα.
1194 1037 1430 1084 Proximis
1449 1036 1574 1084 foliis

59 1119 61 1121 ¹
121 1124 403 1190 quindecim
438 1124 714 1170 continetur
733 1122 956 1185 Epitome
990 1120 1102 1166 libri
1119 1118 1265 1180 X111.,
1297 1119 1396 1166 hoc
1412 1120 1573 1166 titulo:

118 1206 397 1255 AAEEIAC
435 1203 970 1252 TPICKAIAEKATH.
998 1203 1191 1249 Initium
1218 1212 1310 1249 est:
1346 1199 1575 1257 Ἑξεπλά-

119 1306 272 1352 γησαν
306 1291 394 1351 μὲν
419 1285 505 1336 οὖν
531 1284 742 1340 ἅπαντες
774 1286 863 1339 τὴν
893 1282 1120 1350 ἀνδρείαν
1145 1283 1228 1330 καὶ
1255 1284 1343 1338 τὴν
1367 1283 1572 1348 στερρό-

115 1389 246 1427 τητα
264 1375 345 1425 τῆς
371 1368 460 1416 τοῦ
483 1366 718 1434 βασιλέως
737 1362 921 1431 ψυχῆς·
957 1365 1107 1419 αὐτὸς
1131 1360 1184 1412 δὲ
1210 1364 1329 1411 τότε
1355 1364 1473 1429 πρὸς
1507 1364 1575 1410 τὰ

115 1456 382 1516 μηνύματα
406 1456 565 1499 ἐκεῖνα
591 1451 648 1497 οὐ
678 1449 1068 1516 κατεφρόνησεν·
1107 1446 1217 1494 ἀλλ’
1249 1445 1431 1495 ἐ’σωὲεν
1465 1447 1573 1511 περὶ

118 1537 209 1583 τὸν
239 1536 475 1599 λογισμὸν
498 1533 655 1581 αὐτοῦ
676 1534 860 1586 πολλὴν
878 1530 981 1597 εἶχε
1005 1533 1094 1586 τὴν
1116 1533 1357 1596 ταραχὴν.
1410 1529 1571 1579 διελο-

120 1618 299 1682 γίσατο
326 1615 411 1666 οὖν
441 1616 523 1664 ἵνα
555 1615 722 1673 ἑξέλὲη
759 1615 857 1662 οἷπὸ
892 1613 975 1669 τῆς
1004 1614 1207 1668 πόλεως·
1287 1613 1370 1660 καὶ
1408 1610 1574 1660 ταῦτα

121 1700 204 1748 καὶ
239 1703 288 1747 ἐν
321 1699 381 1766 τῇ
414 1698 555 1746 πόλει
588 1698 706 1745 τότε
752 1697 1022 1762 πράγματα
1069 1693 1194 1743 ὄντα
1235 1699 1457 1759 ταραχῆς
1500 1695 1574 1758 γέ-

120 1800 302 1846 μοντα·
369 1778 494 1843 ὅμως
527 1779 988 1847 ἑξασφαλισάμενος
1022 1780 1174 1833 καλῶς
1194 1779 1260 1825 τὰ
1295 1781 1344 1826 ἐν
1377 1783 1446 1841 τῷ
1478 1797 1573 1825 πα-

122 1865 275 1928 λατίῳ
309 1864 391 1911 καὶ
437 1864 503 1911 τὰ
550 1868 631 1917 τῆς
665 1862 869 1919 πόλεως,
915 1861 998 1908 καὶ
1037 1863 1100 1916 εἰς
1136 1859 1350 1926 φύλαξιν
1385 1863 1572 1908 τούτων

121 1947 424 2007 καταλείψας
466 1948 556 1994 τὸν
598 1947 748 2009 μέγαν
794 1944 1075 2011 δρογγάριον
1117 1949 1208 1992 τοῦ
1249 1945 1435 1992 στόλου
1481 1945 1572 1992 τὸν

122 2034 356 2096 εὐνοῦχον
387 2031 675 2077 Ευστάὲιον
708 2029 797 2075 τὸν
832 2028 1139 2091 κυμινιανὸν·
1187 2029 1270 2075 καὶ
1304 2028 1395 2076 τὸν
1430 2031 1573 2083 Νικη-

123 2114 279 2181 φόρον
307 2113 397 2161 τοῦ
426 2109 627 2160 δεκανοῦ
656 2112 922 2175 λεγόμενον.
993 2108 1157 2165 Οὕτως
1189 2109 1439 2177 ἐξέρχεται
1472 2112 1571 2157 ἀπὸ

121 2201 203 2251 τῆς
237 2195 415 2250 πόλεως
450 2195 575 2258 μετὰ
610 2193 780 2257 ὀλίγων
815 2198 909 2242 τῶν
958 2190 1113 2240 αὐτοῦ
1147 2198 1405 2256 συγγενῶν,
1440 2194 1573 2240 κατὰ

122 2279 210 2332 τὴν
239 2279 428 2346 πρώτην
473 2282 563 2325 τοῦ
596 2277 870 2342 Νοεμβρίου
914 2277 1080 2339 μηνὸς,
1127 2273 1418 2331 ἱνδικτιῶνος
1450 2273 1572 2341 πρώ-

122 2378 217 2416 της.
284 2361 365 2407 καὶ
407 2361 681 2426 ἀπέρχεται
725 2362 789 2414 εἰς
830 2360 891 2406 τὸ
933 2357 1014 2415 ἔξω
1057 2359 1312 2422 λεγόμενον
1356 2359 1572 2422 Γεράνιν.

122 2441 240 2490 ἔνθα
271 2442 488 2498 ἔστησαν
523 2445 576 2490 αἱ
617 2442 873 2507 βασιλικαὶ
915 2442 1100 2492 τένται.
1176 2446 1229 2489 In
1264 2443 1361 2488 fine
1397 2441 1571 2488 desunt

124 2528 367 2573 nonnulla.
440 2526 576 2587 Quae
613 2529 741 2574 enim
778 2528 846 2574 ibi
879 2528 1120 2590 leguntur:
1155 2525 1371 2588 Προσέτι
1409 2525 1570 2585 ὀμνύω

123 2606 204 2651 καὶ
238 2611 499 2672 συμφωνῶ,
535 2610 592 2662 ὡς
625 2607 743 2655 ὅσαι
778 2609 940 2661 πόλεις
973 2607 1056 2653 καὶ
1090 2611 1245 2671 χῶραι
1284 2641 1292 2651 .
1334 2640 1344 2650 .
1383 2640 1393 2650 .
1432 2640 1442 2650 .
1466 2641 1480 2663 ,
1515 2623 1571 2653 ca

124 2706 223 2736 non
258 2690 379 2736 ultra
421 2692 742 2738 narrationem
791 2691 955 2739 Annae
1002 2688 1259 2753 p.411.D.
1309 2689 1566 2751 pertinent.

123 2771 344 2836 Denique
381 2773 601 2836 Epitomc
632 2775 739 2822 libri
763 2774 835 2821 xl.
874 2774 1118 2837 sequitur,
1155 2781 1201 2818 et
1235 2772 1372 2818 titulo
1410 2781 1570 2818 chea-
