1754 3086
223 124 387 165 XXXVI
749 125 902 165 PETRI
943 124 1123 166 POSSlN
1128 127 1143 164 Ι

221 235 457 275 autoritatis
488 240 647 274 certum
679 235 831 276 habet:
860 237 921 276 vel
950 237 981 275 si
1009 237 1207 289 probares
1239 236 1344 275 solus
1375 236 1658 278 damnantibus

223 307 376 346 eunctis
407 306 458 345 ad
493 307 622 346 famae
651 309 854 347 rationem
899 308 1158 361 fructumque
1190 308 1325 357 animi,
1353 323 1455 347 unus
1485 309 1582 347 mihi
1613 315 1659 348 tu

221 377 350 417 instar
370 377 552 428 millium,
573 379 696 417 instar
711 380 889 418 omnium
910 381 1054 419 merito
1072 379 1193 419 fores.
1225 380 1294 418 Sin
1318 394 1414 418 vero
1436 379 1660 432 reprehen-

221 448 292 498 dis,
320 463 403 488 non
433 451 628 489 continuo
646 449 779 490 lusisse
805 465 869 490 me
897 465 1064 503 operam
1085 456 1154 489 aut
1181 451 1299 504 plane
1332 452 1437 490 votis
1469 451 1660 491 excidisse

226 519 431 560 iudicabo.
488 520 552 560 Ab
583 520 782 560 irretorta
810 522 952 560 mentis
985 521 1049 570 vi,
1084 522 1132 560 al)
1166 522 1342 575 aquilina
1374 522 1661 574 intelligentiae

223 591 289 629 illa
321 597 414 630 tuae
441 591 525 630 acie
546 620 557 640 ‚
591 590 657 630 cui
687 592 825 630 fucum
856 590 986 630 nullus
1017 592 1135 631 color
1163 592 1319 642 facere,
1350 592 1457 631 nulla
1486 606 1527 631 se
1557 606 1660 644 pro-

222 662 323 701 bare
352 662 520 701 mendax
547 662 706 716 gratia,
737 662 846 701 nulla
882 663 1045 715 placere
1086 663 1160 701 nisi
1203 665 1292 702 viva
1321 665 1539 716 nativaque
1569 663 1662 716 pul-

223 732 414 772 clu-itudo
443 739 607 786 potest,
640 733 691 773 ad
724 734 1113 786 indulgentissimam
1138 735 1394 774 clementiam
1421 733 1661 788 benignissi-

221 818 311 844 mae
351 805 742 859 humanissimaeque
777 806 997 845 voluntatis
1037 821 1103 845 me
1136 806 1353 859 recipiam;
1383 807 1521 860 ibique
1549 806 1661 860 asylo

221 881 333 915 tutus
373 876 595 915 certissimo
635 891 746 929 spem
775 877 817 915 in
846 879 935 916 sinu
972 876 1131 917 dulcem
1162 878 1290 926 alam,
1332 878 1420 917 fore
1465 884 1511 916 ut
1546 876 1666 916 venia

223 947 442 987 consoleris
474 947 583 1000 quod
607 949 860 987 remunerari
891 948 1009 987 laude
1035 948 1164 987 minus
1192 953 1331 1000 potes;
1359 954 1399 986 et
1431 953 1540 987 trans
1564 946 1666 987 vitia

222 1017 452 1058 ineruditae
477 1032 633 1066 manus,
665 1019 854 1058 benevoli
873 1021 1051 1072 pectoris
1082 1019 1215 1058 officio
1237 1019 1374 1073 agnito
1405 1033 1478 1058 nec
1507 1023 1664 1071 spreto,
1717 1047 1719 1050 .

224 1088 514 1142 quodcumque
545 1088 627 1128 hoc
656 1095 716 1130 est
746 1090 928 1143 quamvis
961 1089 1116 1142 illepidi
1148 1089 1387 1139 munusculi,
1415 1103 1661 1129 monumen-

223 1164 311 1198 tum
341 1165 551 1199 aeternum
582 1174 662 1200 esse
692 1160 858 1214 patiaris
885 1161 965 1200 eius
997 1160 1279 1200 observantiae
1307 1175 1355 1200 ac
1387 1160 1663 1201 venerationis

228 1244 311 1284 qua
339 1236 380 1270 te
408 1246 563 1271 summa
592 1231 878 1285 verissimaque
905 1232 1195 1285 prosequitur,

472 1322 807 1348 ILLUSTRISS·
849 1322 1216 1347 AMPLIT'UDINI
1259 1321 1422 1356 TUAE,

386 1395 617 1437 Scribebam
649 1398 818 1437 Tolosae
845 1397 913 1435 ΙΙΙ.
941 1395 1111 1435 Kalend.

342 1474 540 1528 Quintiles
568 1488 672 1514 anno
705 1473 1029 1518 CIDIDCXLIX.

766 1572 1045 1612 Deditissimus
1077 1572 1237 1611 PETnus
1281 1571 1477 1611 Possmus

905 1665 926 1690 e
958 1649 1161 1689 Societate
1191 1650 1290 1688 lesu.

662 2086 1233 2126 LECTORI.

233 2278 340 2338 Mc
377 2299 501 2338 miror
535 2313 607 2339 nec
649 2302 833 2340 aemulor
874 2310 1023 2341 mature
1063 2300 1232 2339 disertos
1261 2301 1352 2339 illos
1379 2299 1448 2353 qui
1475 2298 1596 2338 libros
1627 2298 1670 2337 in
1713 2319 1714 2322 =

233 2368 434 2407 librorum
449 2369 658 2423 principiis
677 2371 868 2420 faciunt,
899 2379 936 2409 et
977 2370 1212 2409 inexhausta
1236 2369 1482 2421 loquacitate
1515 2370 1669 2408 Prooe-
1707 2379 1712 2389 ³

235 2440 403 2478 miorum
440 2439 575 2477 sedulo
602 2439 649 2478 id
672 2449 802 2492 agunt,
833 2449 873 2478 ut
898 2441 1000 2479 oculi
1024 2440 1164 2492 legenti
1190 2439 1351 2479 doleant
1371 2441 1607 2494 priusquam
1637 2440 1671 2477 is

229 2510 410 2562 primum
434 2508 575 2563 Operis
601 2522 758 2548 versum
785 2510 947 2549 viderit.
1003 2510 1091 2562 Ego
1119 2510 1190 2549 tibi
1205 2540 1215 2557 ,
1249 2512 1314 2550 LE
1331 2525 1386 2550 ετ
1402 2525 1488 2558 on,
1517 2510 1670 2563 quomi-
1706 2551 1709 2555 ¹

234 2593 303 2617 nus
332 2581 468 2618 statim
481 2580 646 2630 fruaris
673 2581 823 2619 tamdiu
865 2589 995 2634 optato
1025 2581 1275 2631 Byzatztiuae
1307 2582 1556 2621 Caesarissae
1585 2581 1670 2619 col..

235 2649 391 2704 loquio,
430 2664 590 2693 moram
643 2665 764 2690 ianam
807 2651 947 2691 obiicio
997 2655 1104 2701 (nam
1151 2652 1391 2692 Glossarium
1439 2652 1664 2698 Annaeum,
