1754 3086
237 88 344 142 252
684 110 864 151 ANNAE
905 112 1199 154 commu]

231 231 276 259 νο
295 218 445 272 καιροῦ
461 218 518 275 τῶ
535 217 641 260 κατὰ
658 217 733 274 τήν
746 217 989 275 Alyvnvovy
989 237 1032 275 ε,
1036 237 1088 262 ω
1091 221 1151 263 ότι
1167 221 1292 263 παλαι
1315 222 1453 264 σκότει
1470 225 1694 278 ψηλαφην

231 285 298 340 τῶ.
317 282 389 332 τάς
403 299 444 325 τε
458 282 540 340 γὰρ
559 284 714 327 τούτων
733 297 852 340 οψεις
881 287 1122 342 α’πετὺφλου
1152 288 1176 342 ἢ
1206 287 1408 342 πυκνότης
1432 288 1503 343 τῆς
1526 287 1706 337 κόνεως

229 350 301 390 καί
328 345 500 403 ἄγνοιαν
543 351 822 406 ἐμπαρεῖχεν,
873 349 1024 393 ὁπόθεν
1063 369 1131 394 και
1172 351 1286 407 παρὰ
1315 357 1437 395 τίνων
1460 351 1506 393 οἱ
1538 352 1672 394 ὀϊστοὶ
1706 371 1714 402 ζ,

231 416 474 466 πέμπονται.
535 422 645 471 τρεῖς
673 418 720 459 δὲ
750 419 961 466 Λατίνους
990 417 1237 468 αποστει’λας
1265 418 1287 460 ὃ
1315 421 1543 473 Βρυέννιος
1574 413 1717 472 ἑδὴ·
1700 443 1717 451 ψ

230 485 336 522 λωσε
366 482 422 538 τῷ
447 480 698 539 Βαϊμούντω
723 482 767 524 τὸ
799 485 894 525 πᾶν.
951 482 992 524 οἳ
1026 486 1099 524 καί
1128 485 1352 536 κατέλαβον
1382 483 1515 525 αυτὸν
1543 480 1603 531 εἴς
1629 468 1717 535 n&

191 547 411 600 Βνησίὸιον
436 550 623 600 ποταμοῦ
653 548 731 589 τοῦ
762 544 870 589 οὕτω
897 548 1152 600 καλουμένου
1169 550 1386 603 Σαλαβριά
1416 564 1518 600 μετα
1548 562 1670 590 τινων
1700 543 1710 595 f

229 611 448 664 ἱστάμενον
473 609 623 667 ὀλίγων
640 614 813 655 Κελτῶν
841 615 915 655 καί
938 612 1159 668 σταφυλὰς
1179 613 1386 667 ἐσθίοντα,
1415 611 1505 666 ἅμα
1529 614 1574 654 δὲ
1601 614 1673 654 καί
1705 628 1712 666 J

231 674 495 732 τῖπὲρκομπόν
519 695 560 720 τι
584 678 866 733 καυχώμενον,
898 675 998 734 ὅπερ
1023 680 1241 733 καὶμέχρι
1267 681 1342 720 τοῦ
1369 681 1446 721 νῦν
1462 679 1671 735 παρῳδεῖ-

231 759 302 785 ται
330 742 402 785 καί
426 746 712 800 περιφέρεται.
784 747 904 786 τοῦτο
933 743 1013 799 γάρ
1043 742 1239 793 πολλάκις
1262 742 1375 799 ἔλεγε
1402 742 1672 800 βαρβαρίζων

229 808 276 850 τὸ
307 807 626 862 Λυκοστόμιον,
671 807 731 852 ὅτι
762 808 870 851 “miv
892 810 1075 860 Ἀλέξιον
1111 812 1170 858 εἰς
1198 810 1325 852 λύκου
1364 808 1500 862 στόμα
1528 810 1728 867 ἐνέβα-έῇ

231 876 336 916 λον.”
389 876 577 917 τοιοῦτον
594 874 675 931 γὰρ
705 873 729 930 ἦ
758 873 975 931 ὖφεροψιά
990 874 1239 931 σφάλλουσα
1268 874 1368 924 τους
1395 873 1575 924 πολλοὺς
1600 876 1672 916 καί
1716 925 1723 930 ,

229 938 334 994 πρὸς
361 937 411 981 τοὶ
434 939 506 980 ὑπ’
536 935 636 993 ὄψιν
664 940 736 982 καί
762 943 806 983 ἐν
830 944 926 984 ποσί
947 943 1127 994 κειζιιενα.
1186 939 1368 991 οἰκούσας
1397 943 1443 983 δὲ
1467 939 1520 982 τοὶ
1552 939 1668 995 παρὰ
1708 944 1710 948 ’

225 1007 300 1046 τοῦ
324 1008 557 1059 Βρυεννίου
584 1008 825 1060 μηνυθέντα
856 1006 928 1048 καί
956 1006 1146 1061 ἐπιγνοὺς
1165 1005 1237 1048 τὸν
1267 1006 1387 1049 δόλον
1419 1006 1492 1048 καί
1518 1004 1590 1061 τὴν
1613 1007 1671 1047 δι’

226 1068 386 1126 ἀπάτης
419 1072 533 1126 νίκην
561 1075 639 1113 τοῦ
670 1072 986 1128 αὐτοκράτορος,
1026 1069 1179 1128 ἤχθετο
1207 1074 1307 1125 μέν,
1341 1069 1398 1122 αἶς
1427 1069 1563 1124 εἰκός,
1597 1087 1672 1112 κα·

224 1138 390 1178 τέπιπτε
420 1138 466 1179 δὲ
498 1137 707 1191 ου’δαμῶς,
739 1137 879 1188 ὁποῖος
908 1140 1075 1188 ἐκεῖνος.
1134 1138 1430 1193 ἀποκριθέντες
1459 1133 1535 1178 οὖν
1559 1128 1734 1186 τινὲςὲὓς

187 1204 307 1245 (ζτῶν
335 1200 408 1244 ὑπ’
438 1202 569 1246 αὐτὸν
608 1203 889 1260 κατάφρακτοι
924 1206 1081 1246 Κελτοί
1118 1205 1296 1258 α’νῆλθον
1334 1205 1393 1253 εἰς
1436 1199 1672 1259 ἀκρώρειαν
1718 1212 1720 1214 “

225 1286 316 1311 τινα
346 1271 561 1311 κατέναντι
589 1272 663 1324 τῆς
690 1272 912 1325 Λαρίσσης
941 1271 1213 1325 διακειμένην.
1271 1269 1444 1318 τούτους
1473 1267 1519 1311 τὸ
1550 1266 1670 1310 ὅπλι-

225 1334 340 1376 τικόν
366 1335 647 1389 θεασάμενοι,
697 1335 772 1387 ξῦν
811 1338 942 1393 πολλῇ
983 1338 1198 1392 προθυμίᾳ
1227 1336 1392 1389 ἑβιάζον
1419 1337 1672 1390 προσβαλεῖν

226 1401 390 1451 αὕτοΐς·
421 1399 443 1442 ὅ
475 1403 521 1442 δὲ
551 1400 820 1457 αὐτοκράτωρ
852 1399 1021 1457 ἀπεῖργε
1049 1401 1224 1450 τούτους
1251 1402 1329 1442 τοῦ
1357 1398 1670 1455 ἐγχειρήματος.
1724 1452 1726 1458 Ι

225 1469 271 1508 ἐκ
313 1466 529 1523 διαφόρων
559 1469 603 1510 δὲ
633 1469 780 1510 πολλοί
811 1470 883 1509 καί
911 1469 1111 1522 διάφοροι
1152 1468 1422 1520 ξυμμιγέντες
1449 1461 1738 1520 ταγμάτωνῃᾶ

225 1531 467 1582 ἀνελθόντες
492 1534 773 1588 προσέβαλλον
798 1539 882 1582 τοῖς
900 1537 1077 1582 Κελτοῖς
1092 1551 1102 1560 ·
1161 1533 1199 1574 οἱ
1227 1534 1272 1575 δὲ
1293 1534 1553 1587 παραχρῆμα
1582 1534 1670 1574 κατ’

225 1599 368 1644 αὐτῶν
409 1600 668 1654 ὡρμηκότες,
713 1600 958 1654 ἀναιροῦσιν
993 1595 1094 1653 ἄχρι
1123 1601 1203 1641 τῶν
1233 1601 1523 1644 πεντακοσίων,
1580 1594 1671 1639 εἶτα

319 1711 351 1733 2.
375 1703 439 1740 τοὶς
470 1711 508 1735 τε
527 1713 535 1733 :
554 1701 637 1736 τότε
652 1700 693 1734 G.
788 1701 821 1733 6.
842 1700 1019 1744 νησὴὃιον
1041 1700 1111 1741 PG,
1137 1706 1232 1733 recte
1257 1699 1294 1732 C.
1399 1701 1581 1745 σαλαυρία
1597 1699 1669 1735 CG.

317 1750 350 1782 8.
378 1747 586 1793 παρᾴδεται
610 1748 652 1781 G.
776 1759 826 1782 ιο
851 1748 982 1792 ἔβαλον
1009 1747 1050 1780 G.
1174 1749 1224 1780 16.
1249 1742 1362 1781 αὐτὸν
1387 1746 1434 1786 C,
1471 1746 1570 1792 αὗιῷ
1599 1747 1670 1779 PG.

317 1793 389 1827 vid.
420 1800 579 1828 annotat.
681 1795 730 1828 18.
758 1790 827 1829 σὺν
850 1796 890 1827 Α.
1004 1795 1230 1838 προσβαλεῖν
1256 1794 1327 1833 FP,
1353 1795 1548 1840 ξυμβαλεῖν
1567 1793 1669 1826 CAG.

322 1853 373 1887 ¹9·
399 1840 518 1887 ἀπῆγε
547 1841 651 1875 CAG.
769 1852 826 1874 20.
861 1842 900 1876 ἐκ
935 1841 1135 1887 διαφόοων
1171 1841 1210 1874 δὲ
1246 1806 1421 1875 πολλῶνμ
1428 1843 1671 1888 συμμιγέντες

317 1890 516 1935 ταγμάτων
539 1889 579 1922 Α.
667 1898 723 1923 21.
743 1889 996 1934 προσέβαλλον
1020 1889 1061 1929 Α,
1084 1888 1314 1936 προσέβαλον
1339 1886 1411 1920 PG.

227 1978 454 2014 tenebrarum
489 1980 631 2013 illarum
662 1980 920 2025 palpabilium,
957 1979 1087 2025 quibus
1111 1980 1291 2024 Aegyptus
1321 1979 1407 2012 olim
1439 1979 1572 2012 afflicta
1597 1984 1668 2023 est3
1721 2007 1722 2010 ,

226 2038 308 2060 nam
334 2032 561 2071 prospectum
587 2026 768 2060 adimebat
792 2030 843 2060 vis
862 2028 1020 2072 pulveris
1043 2039 1109 2060 nec
1135 2025 1344 2071 explorandi
1366 2030 1579 2071 potestatem
1604 2026 1669 2059 da-

225 2073 307 2114 bat,
343 2072 438 2106 unde
476 2079 512 2106 et
547 2086 566 2106 a
597 2073 727 2119 quibus
761 2075 913 2119 sagittae
944 2076 1181 2108 mitterentur.
1218 2074 1332 2106 tribus
1376 2079 1495 2106 autem
1536 2074 1670 2107 Latinis

225 2121 362 2162 missis,
387 2121 583 2164 Bryennius
620 2132 691 2153 rem
730 2132 871 2154 omnem
896 2121 1101 2154 Boemundo
1139 2120 1329 2153 nuntiavit.
1379 2120 1417 2152 hi
1454 2121 1670 2154 invenerunt

226 2167 330 2200 illum
355 2179 434 2200 cum
458 2168 580 2212 paucis
606 2179 747 2201 suorum
773 2169 812 2201 in
838 2180 944 2213 parva
969 2169 1083 2201 insula
1106 2167 1224 2209 fluvii,
1248 2167 1305 2200 eui
1328 2178 1460 2200 nomen
1477 2167 1668 2205 Salamias,

228 2225 311 2248 uvas
332 2214 592 2255 comedentem,
616 2216 793 2260 simulque
809 2215 1021 2248 insolentius
1039 2213 1178 2260 aliquid
1197 2215 1399 2255 iactantem,
1424 2214 1521 2259 quod
1539 2215 1668 2247 etiam-

227 2273 314 2295 num
345 2262 383 2294 in
407 2272 468 2294 ore
493 2262 591 2305 vulgi
622 2268 686 2295 est.
721 2275 801 2295 nam
829 2263 970 2307 saepius
996 2261 1205 2306 repetebat,
1234 2260 1387 2293 barbaro
1415 2273 1475 2293 ore
1499 2262 1668 2304 Lycosto-

227 2308 336 2341 mium
350 2310 511 2348 efferens,
524 2309 685 2341 Alexium
702 2310 738 2342 in
750 2310 825 2354 lupi
844 2310 961 2351 fauces
977 2320 996 2341 a
1009 2320 1045 2342 se
1060 2309 1261 2341 coniectum
1278 2319 1364 2341 esse.
1386 2307 1477 2341 adeo
1500 2307 1667 2353 superbia

227 2355 399 2400 plurimos
425 2355 519 2388 fallit
543 2356 649 2388 etiam
674 2357 711 2389 in
737 2357 790 2397 iis,
814 2367 905 2401 quae
934 2355 1000 2389 sub
1033 2357 1145 2389 oculis
1172 2360 1208 2388 et
1237 2360 1321 2387 ante
1347 2354 1456 2399 pedes
1483 2360 1576 2387 sunt.
1603 2354 1665 2387 sed

226 2414 306 2435 cum
330 2402 496 2435 nuntium
522 2403 688 2446 Bryennii
722 2405 936 2448 accepisset,
971 2409 1008 2436 et
1042 2403 1164 2436 dolum
1190 2402 1415 2446 imperatoris
1443 2402 1667 2445 cognovisset

225 2449 481 2495 victoriamque
506 2448 630 2483 fraude
654 2456 815 2494 partam,
840 2455 1035 2482 commotus
1062 2455 1115 2482 est
1147 2448 1313 2494 quidem,
1339 2453 1379 2481 ut
1403 2460 1469 2493 par
1495 2454 1581 2488 erat,
1601 2459 1667 2481 ne-

226 2507 407 2542 quaquam
434 2501 578 2536 tamen,
615 2508 685 2540 qua
721 2503 796 2529 erit
821 2496 1056 2535 fortitudine,
1093 2495 1252 2529 concidit
1278 2496 1408 2528 animo.
1429 2495 1533 2528 electi
1559 2495 1666 2539 igitur

226 2544 367 2577 loricati
389 2542 531 2589 aliquot
554 2543 650 2576 Galli
678 2544 854 2577 tumulum
880 2542 1124 2576 conscendunt
1149 2554 1168 2575 e
1195 2543 1338 2586 regione
1363 2542 1521 2575 Larissae
1548 2543 1663 2574 situm.

227 2601 316 2636 quos
346 2590 494 2624 simulac
519 2591 695 2624 exercitus
722 2591 896 2623 Romanus
923 2590 1131 2634 «inspexit,
1158 2601 1283 2633 magna
1309 2594 1460 2634 poscunt
1482 2588 1664 2621 alacritate

227 2649 305 2669 cum
329 2637 413 2683 ipsis
434 2637 615 2681 congredi.
654 2637 692 2670 id
720 2648 799 2670 cum
825 2638 1019 2682 imperator
1051 2636 1127 2669 fieri
1153 2637 1342 2677 vetuisset,
1371 2642 1489 2669 tamen
1511 2635 1597 2667 varii
1622 2645 1666 2668 ex

227 2684 331 2719 variis
356 2684 558 2719 cohortibus
582 2695 708 2730 magno
735 2695 881 2719 numero
909 2683 1097 2729 permixti,
1123 2683 1160 2717 in
1186 2683 1314 2717 collem
1340 2682 1494 2717 evadunt
1519 2681 1667 2716 Gallos-
