1754 3086
248 117 313 172 ²7
329 117 354 150 2
701 114 884 155 ANNAE
918 113 1209 156 COMNENAE

248 216 299 257 ἵν’
330 211 478 255 ὁπόσοι
502 214 580 265 μὲν
602 210 720 266 ἡμῶν
747 216 798 269 τῇ
825 216 879 270 σῇ
906 216 1098 270 βασιλεία
1125 213 1329 267 θητεῦσαι
1355 210 1600 268 βούλοιντο,
1627 215 1716 271 τῇ

245 278 350 358 προς
380 279 427 320 τὸ
470 280 638 330 τέμενος
678 293 749 320 του
788 276 1002 334 μάρτυρος
1034 278 1330 320 ἅπονενευκυιά
1366 255 1725 333 προσέλθοοσινμζζ-ί

117 351 152 384 P.
173 351 231 397 ¹54
245 345 387 386 ὁπόσοι
415 346 462 386 δὲ
493 342 596 398 πρὸς
625 342 701 398 τὴν
728 344 840 387 ἰὸῗαν
870 344 1051 397 πατρίδα
1072 344 1370 395 ἐπαναζεῦξαι,
1399 343 1446 400 τῇ
1475 342 1576 400 πρὸς
1601 344 1674 387 τὸν

246 408 431 453 Αυλῶνα
472 407 672 467 οἷφορώσῃ
714 407 1079 463 npooxwpq'owml'
1154 410 1272 450 ταῦτ’
1312 408 1495 458 εἰπόντες
1534 425 1673 464 παρα·
1695 337 1729 477 ἐξ

241 477 388 529 χρῆμα
427 477 660 530 προσῆλθον
693 477 758 530 τῷ
777 478 957 527 βασιλεῖ.
1029 472 1052 514 6
1082 474 1127 515 δὲ
1152 475 1378 527 Βρυέννιος
1401 479 1586 528 γενναῖος
1612 454 1729 551 αἰνῇ

240 539 347 595 α’νήρ
377 542 727 594 προσεληλυθέναι
742 542 818 592 μὲν
834 542 891 596 τιῦ
910 542 1080 592 βασιλεῖ’
1103 538 1298 591 οὕὸαμως
1321 540 1531 594 ἠβούλετο,
1559 537 1668 581 e'nw'-
1700 540 1730 623 Ξζ

237 621 368 659 μνυτο
397 607 443 647 δὲ
469 607 671 660 μηδέποτε
707 609 793 646 κατ’
822 605 954 646 αὐτοῦ
982 600 1090 645 όπλα
1117 605 1303 658 κινῆσαι,
1346 605 1388 654 εἰ
1419 601 1547 658 μόνον
1579 606 1724 660 δοίη

242 671 339 720 τοὺς
376 674 519 713 τοῦτον
551 673 677 725 μέχρι
715 671 796 712 τῶν
824 670 949 725 ὁρίων
988 671 1060 724 τῆς
1098 672 1182 710 τῶν
1214 669 1432 723 Ῥωμαίων
1456 672 1672 723 βασιλείας
1706 653 1729 717 {³²1

239 735 466 786 ἀκινδύνως
498 735 819 789 διασώσοντας,
854 738 927 777 καί
954 731 1064 796 ου’τω
1104 733 1204 790 πρὸς
1229 735 1304 788 τὴν
1327 737 1437 777 ιδίαν
1464 737 1672 778 α’πολῧσαι

234 803 395 858 χώραν.
454 801 476 842 6
507 803 552 843 δὲ
584 801 846 856 αὐτοκράτωρ
875 799 990 852 μάλα
1019 802 1177 853 ταχέως
1202 802 1381 855 ἐπλήρου
1411 800 1455 843 τὸ
1487 801 1667 856 αιτηθέν·
1685 791 1733 859 ιῇ

236 867 365 916 αὐτὸς
403 868 448 908 δὲ
492 868 563 922 τῆς
603 866 707 921 πρὸς
745 864 789 907 τὸ
831 864 1059 916 Βυζάντιον
1097 863 1232 919 είχετο
1273 864 1441 921 νικητὴς
1469 867 1666 923 ἐπιφανέ-

235 948 398 982 στατος.

350 1015 387 1040 2.
445 998 616 1051 Μικρὸν
654 1000 701 1039 δὲ
741 998 928 1039 ἐνταῦθα
956 998 1031 1052 τὴν
1066 999 1140 1039 τοῦ
1165 996 1284 1051 λόγου
1315 995 1502 1053 διήγησιν
1531 997 1669 1041 διακό-

236 1076 380 1116 ψασα,
411 1059 518 1112 ὅπως
550 1066 622 1105 καί
645 1061 740 1113 τούς
769 1062 1087 1111 Παυλικιανοῦς
1117 1063 1446 1117 κατηγωνίσατο,
1477 1064 1666 1120 διηγήσο-

200 1145 326 1183 Βμαι.
398 1131 471 1170 ου’κ
498 1128 624 1185 ἔφερε
650 1131 757 1184 μηδὲ
786 1127 958 1178 τούτους
995 1127 1092 1178 τούς
1121 1127 1355 1178 α’ποστάτας
1381 1133 1664 1183 καταγωνίσα·
1685 1132 1730 1174 15

234 1200 339 1239 σθαι
368 1195 448 1251 πρὸ
474 1198 549 1237 τοῦ
573 1194 621 1237 τὰ
650 1197 844 1248 βασίλεια
870 1198 1131 1247 καταλαβεῖν,
1162 1197 1252 1237 ἄλλ’
1282 1191 1419 1249 ὥσπερ
1449 1194 1530 1237 α’πό
1562 1211 1668 1245 τινος

230 1264 344 1316 νίκης
369 1259 516 1315 ἑτέραν
541 1262 655 1316 νίκην
672 1258 1040 1315 πρυτανευόμενος,
1068 1263 1140 1302 καί
1166 1259 1240 1315 τήν
1269 1260 1434 1315 πληθύν
1461 1263 1545 1303 τῶν
1567 1264 1666 1304 Μα-

230 1326 403 1381 νιχαίων
430 1326 497 1369 τὸν
526 1325 673 1367 κύκλον
701 1327 1028 1379 συμπληροῦσαν
1056 1328 1138 1367 τῶν
1158 1324 1311 1368 ἑαυτοῦ
1337 1326 1668 1382 κατορθωμάτων

232 1395 376 1434 ἐποίει.
434 1393 532 1434 οὐδὲ
573 1391 653 1447 γὰρ
701 1393 795 1446 ἐνῆν
823 1393 880 1448 τῷ
922 1393 1098 1448 λαμπρῷ
1133 1394 1315 1449 τροπαίῳ
1357 1394 1439 1434 τῶν
1465 1389 1668 1447 ἑσπερίων

231 1460 438 1512 πολεμίων
470 1454 555 1501 οἷον
579 1462 723 1500 σπῖλον
757 1459 909 1499 ἐνεῖναι
947 1455 1046 1506 τούς
1074 1459 1118 1499 ἐκ
1146 1460 1449 1500 Παυλικιανῶν
1478 1458 1668 1514 ὁρμωμέ-
1679 1472 1737 1508 αα..

232 1539 328 1574 νους
358 1525 549 1573 ἐκείνους.
619 1523 690 1565 διὰ
716 1524 895 1576 πολέμου
937 1523 983 1563 δὲ
1010 1521 1083 1564 καί
1106 1521 1247 1578 μάχης
1289 1523 1364 1565 οὐκ
1393 1520 1566 1580 ἤθελεν,
1596 1525 1664 1567 ἵνα

330 1670 354 1691 ι.
383 1655 487 1706 ἡμῶν
507 1669 573 1691 om.
597 1659 637 1692 A.
730 1658 762 1691 3.
786 1657 910 1693 ld'tau:
931 1658 1069 1691 οἰκείαν
1092 1658 1130 1690 A.
1225 1657 1257 1701 4.
1284 1654 1481 1715 ἆφορώσει
1502 1659 1538 1693 Ρ.
1631 1662 1663 1694 6.

321 1706 392 1752 μὲν
417 1718 486 1740 om.
509 1705 580 1738 CG.
651 1706 702 1751 τῷ
729 1705 871 1750 βασιλεῖ
896 1703 977 1736 add.
1125 1702 1318 1750 οὐδαμῶς-ε
1337 1704 1403 1739 οὐκ
1424 1707 1464 1738 A.
1556 1705 1666 1752 ἦβού-

322 1755 401 1787 λετο
427 1754 472 1792 Α,
498 1753 662 1797 ἐβούλετο
687 1753 756 1785 PG.
898 1750 1083 1797 ἐπόμνυτο
1110 1750 1185 1792 ΡΑ,
1211 1751 1418 1808 ἐπωμνυτο
1439 1752 1512 1788 CG.
1632 1766 1662 1797 7.

321 1802 400 1834 κατ’
426 1798 541 1834 αὐτοῦ
563 1799 744 1846 μηδέποτε
770 1799 812 1831 G.
942 1798 974 1830 8.
999 1798 1153 1833 τοῦτον.
1175 1793 1288 1834 αὐτὸν
1311 1799 1350 1831 A.
1465 1799 1664 1843 qchcwass-

323 1858 463 1885 σαντας
488 1848 529 1879 G.
647 1858 696 1879 ιι.
721 1846 1019 1898 ἐπιφανέστατος
1043 1855 1109 1876 om.
1133 1845 1171 1877 A.
1294 1845 1343 1877 13.
1369 1844 1432 1879 τοῦ
1458 1812 1569 1892 λόγου
1593 1858 1663 1883 om.

323 1893 367 1926 G.
483 1892 698 1939 διακόψασα
722 1892 797 1934 FP,
825 1891 989 1939 τεμοῦσα
1013 1890 1083 1924 CG.
1206 1891 1254 1936 14.
1279 1894 1341 1927 καὶ
1368 1891 1448 1925 add.
1471 1893 1510 1927 F.

230 2011 298 2046 tur,
311 2010 351 2039 ut
365 2006 596 2051 “quicunque
615 2011 776 2040 nostrum
800 2006 864 2039 sub
882 2010 945 2039 tua
960 2005 1147 2038 maiestate
1166 2014 1301 2037 merere
1317 2005 1443 2046 velint,
1466 2005 1510 2038 ad
1528 2006 1663 2051 signum

229 2052 394 2095 martyris
429 2053 555 2085 aedem
591 2065 711 2086 versus
735 2054 891 2098 positum
915 2063 952 2086 se
976 2051 1178 2092 conferant;
1203 2052 1265 2096 qui
1296 2057 1412 2085 autem
1448 2053 1487 2086 in
1509 2055 1663 2098 patriam

231 2110 330 2132 suam
355 2099 471 2132 redire
498 2101 641 2145 cupiant
657 2126 666 2141 ,
703 2100 749 2133 ad
776 2101 935 2144 signum,
961 2098 1057 2144 quod
1080 2098 1254 2130 Aulonem
1278 2109 1397 2132 versus
1422 2105 1577 2144 spectat,
1603 2113 1663 2135 ao-

230 2146 392 2180 eedant.'’
416 2146 547 2191 quibus
574 2147 700 2188 dictis,
738 2149 859 2180 statim
884 2146 930 2179 ad
952 2147 1197 2190 imperatorem
1220 2150 1429 2188 transeunt3
1465 2147 1662 2190 Bryennius

231 2199 373 2234 autem,
398 2204 469 2238 quo
501 2199 576 2227 erat
615 2195 732 2227 animo
773 2205 963 2238 generoso,
1005 2193 1100 2225 idem
1124 2191 1239 2224 facere
1271 2203 1498 2238 nequaquam
1522 2195 1660 2239 voluit3

231 2240 362 2274 iuravit
385 2245 504 2272 tamen
528 2251 711 2285 nunquam
737 2252 773 2273 se
800 2241 838 2273 in
854 2241 1100 2285 imperatorem
1119 2249 1212 2271 arma
1238 2245 1422 2283 capturum
1440 2250 1527 2282 esse,
1554 2242 1660 2276 modo

231 2297 286 2327 se,
313 2297 426 2331 usque
452 2286 498 2319 ad
525 2287 665 2332 imperii
689 2288 837 2320 Romani
861 2287 948 2320 fines
972 2291 1049 2320 tuto
1076 2285 1278 2325 deductum,
1305 2285 1447 2319 domum
1471 2287 1587 2322 redire
1614 2290 1662 2322 si-

231 2338 344 2367 neret.
369 2334 561 2378 imperator
586 2335 767 2367 celerrime
791 2334 982 2375 concessit,
1012 2332 1108 2387 quod
1142 2332 1359 2377 postulavit3
1393 2334 1470 2381 ipse
1502 2334 1571 2369 iter
1594 2336 1662 2380 By-

232 2381 388 2414 zantium
413 2382 589 2424 ingressus
613 2387 678 2421 est,
692 2381 880 2426 splendida
906 2381 1052 2413 victoria
1081 2384 1269 2424 reportata.

341 2439 373 2461 2.
424 2427 608 2472 Digrediar
638 2428 698 2460 hic
725 2428 949 2473 paullulum,
985 2433 1025 2460 ut
1062 2425 1240 2471 quomodo
1266 2426 1489 2461 Pauliniauos
1515 2438 1661 2473 quoque

232 2473 495 2516 debellaverit,
532 2485 704 2507 enarrem.
735 2486 816 2507 nam
848 2474 978 2519 puduit
1002 2484 1102 2513 eum,
1130 2473 1327 2506 desertores
1351 2474 1437 2507 istos
1461 2485 1534 2507 non
1560 2474 1662 2508 devi-

228 2521 337 2563 cisse,
365 2522 570 2568 priusquam
595 2522 633 2554 in
675 2522 803 2566 regiam
836 2520 987 2562 rediret3
1026 2519 1088 2553 sed
1114 2520 1213 2564 quasi
1238 2521 1419 2554 victoriam
1445 2531 1488 2554 ex
1513 2522 1660 2555 victoria

229 2579 373 2610 serens,
398 2570 506 2603 etiam
530 2568 815 2602 Manichaeorum
845 2567 1077 2601 multitudine
1110 2566 1251 2607 deleta,
1281 2568 1462 2612 praeclare
1487 2568 1659 2602 factorum

229 2615 351 2648 orbem
374 2615 546 2661 implevit
565 2626 688 2660 neque
715 2615 807 2648 enim
833 2626 897 2659 par
924 2620 1009 2654 erat,
1037 2614 1212 2646 illustrem
1241 2613 1284 2646 de
1311 2614 1470 2648 occiduis
1495 2614 1658 2648 hostibus

228 2667 442 2707 reportatam
466 2663 646 2697 victoriam
674 2662 776 2708 quasi
799 2661 937 2697 macula
961 2660 1096 2695 afficere
1126 2661 1212 2694 istos
1238 2671 1279 2694 ex
1305 2661 1515 2695 Paulicianis
1538 2663 1659 2707 profe-
