1754 3086
227 101 339 155 310
682 115 861 155 ANNAE
899 114 1190 156 coMNENAE

224 216 423 269 κιμασίας
453 210 554 269 ὄρᾷν
582 213 801 266 ἠρέθιζεν,
831 213 880 254 ἵν’
909 213 1098 254 ἐντεῦθεν
1127 212 1374 266 τριβομένου
1405 213 1478 254 τοῦ
1502 215 1665 267 καιροῦ,

224 282 431 334 ἐκεχειρία
471 283 558 326 τοῖς
587 275 820 330 οἰκοδόμοις
846 279 1021 320 δίδοται.
1096 277 1153 326 ὥς
1192 279 1237 318 δὲ
1271 276 1315 319 τὸ
1346 278 1558 331 πολίχνιον
1582 273 1666 333 ἤδη

223 347 459 387 τετέλεσται
499 345 572 384 καί
598 345 728 398 πέρας
764 342 811 384 τὸ
853 340 1132 394 σκοπούμενον
1170 339 1343 397 ἔσχηκε,
1381 343 1544 384 πλείοσι
1583 344 1666 384 δω-

224 415 338 464 ρεαῖς
369 411 516 452 τοῦτον
557 407 842 462 ἀμειψάμενος
859 441 870 461 ,
908 411 965 464 τῷ
995 410 1204 460 σεβαστοῦ
1229 424 1275 450 τε
1304 405 1514 460 ἀξιώματι
1541 407 1665 463 τιμή-

224 493 303 525 σας
332 474 404 516 aaa*
429 474 501 516 ἐπὶ
523 475 647 516 πλέον
673 473 747 522 τοῖς
775 471 989 527 συνθήκας
1019 473 1291 527 ἑμπεδώσας,
1321 472 1392 515 διὰ
1431 474 1554 528 τιμῆς
1581 475 1704 524 &Ze-5

223 552 389 595 πεμψεν
416 539 540 581 aaran
570 541 821 582 διαπόντιον.
881 539 1148 593 ἀγγελθείσης
1176 541 1222 580 δὲ
1247 538 1361 594 αὐτῷ
1389 540 1464 594 τῆς
1488 540 1563 580 τοῦ
1593 538 1668 582 κά-

176 619 350 662 Βστρου
379 607 595 660 οἰκοδομῆς
613 637 625 659 ,
659 600 738 646 κᾶν
767 603 838 646 ἐπὶ
874 606 924 659 τῇ
951 604 1104 645 τούτου
1136 604 1350 659 ἀνεγέρσει
1388 603 1666 659 κατετέτρωτο

220 671 293 727 τὴν
318 671 479 726 ψυχήν,
511 672 599 712 ἀλλ’
628 667 703 712 οὖν
730 668 804 711 τὸν
831 671 1061 723 ἀγνοοῦντα
1105 666 1358 724 ὑποκριθείς,
1385 667 1432 712 τὸ
1466 667 1666 724 παράπαν

219 740 421 793 ἐσίγησεν.
450 735 638 779 τοιοῦτόν
668 754 708 778 τι
735 735 809 777 καὶ
842 735 942 791 περὶ
963 733 1265 788 ’Λλκιβιάδους
1289 733 1517 790 ἱστόρηται.
1557 733 1664 777 οὕτω

218 803 298 858 γὰρ
330 804 517 851 κιῖκεῖνος
546 803 913 854 Λακεδαιμονίους
945 801 1211 855 ἐξηπατὴκει,
1254 799 1314 855 μὴ
1344 802 1666 856 συγχωροῦντας
1683 817 1727 844 ιο

87 876 119 909 P.
144 875 204 921 ¹75
219 865 547 922 ιῖνοικοδομῆσαι
572 867 766 921 Ἀθήνας
795 868 1122 920 καθαιρεθείσας
1144 865 1227 907 ὑπὸ
1253 867 1448 921 Περσῶν.
1503 881 1667 920 παραγ-

216 935 358 988 γείλας
387 932 468 987 γὰρ
511 934 799 984 ἀνοικοδομεῖν
838 931 1111 987 Ἀθηναίους,
1150 934 1305 980 ἐκεῖνος
1343 928 1536 989 οἷπερχετο
1563 946 1667 986 πρε-

216 998 408 1053 σβεύσων
443 1000 502 1047 εἷς
531 1000 847 1050 Λακεδαίμονα.
927 994 1018 1039 εἶτα
1046 999 1122 1052 τῆς
1149 1001 1374 1052 πρεσβείας
1412 997 1486 1039 τὸν
1513 994 1668 1053 χρόνον

215 1067 427 1120 τρίβοντος
453 1063 525 1105 καί
547 1065 734 1113 διδόντος
763 1062 810 1104 τὸ
844 1062 1065 1116 ἐνδόσιμον
1097 1069 1184 1112 τοῖς
1221 1065 1534 1116 οἰκοδομοῦσιν,
1558 1060 1667 1116 μετὰ

214 1129 294 1184 τὴν
331 1130 536 1183 ἑξαπάτην
576 1125 675 1183 δ’λην
722 1125 906 1183 ἤκουσαν
949 1129 1286 1182 Λακεδαιμόνιοι
1333 1127 1411 1184 τήν
1449 1127 1667 1183 οἰκοδομὴν
1683 1129 1731 1170 15

210 1197 414 1250 Ἀθηνῶν.
469 1194 543 1236 καί
580 1197 794 1250 μέμνηται
836 1196 911 1249 τῆς
952 1196 1079 1249 καλῆς
1121 1192 1284 1249 οἷπάτης
1320 1197 1500 1250 ταυτησί
1539 1193 1611 1236 καί
1641 1194 1666 1235 ὅ

216 1259 455 1309 Παιανιεύς
482 1263 654 1313 ἐνιαχοῦ
682 1262 766 1302 τῶν
783 1258 917 1314 λόγων
946 1262 1093 1302 αι’τοῧ.
1148 1263 1331 1303 τοιοῦτον
1357 1255 1441 1315 ἄρα
1469 1259 1543 1302 καὶ
1568 1259 1667 1302 τοῦ·

213 1328 300 1378 μοῦ
331 1325 486 1380 πατρὸς
530 1325 575 1367 τὸ
618 1327 823 1380 έπινόημα
850 1322 931 1380 ἦν,
971 1328 1132 1379 μᾶλλον
1175 1328 1222 1368 δὲ
1259 1329 1331 1368 καί
1369 1323 1667 1380 Ἀλκιβιοίδους

214 1392 605 1446 στρατηγικώτερον.
661 1390 957 1446 ἱπποδρομίαις
991 1394 1072 1446 γάρ
1102 1393 1175 1434 καί
1201 1396 1386 1448 τρυφαῖς
1416 1388 1565 1440 ἄλλαις
1591 1390 1666 1433 τὸν

214 1455 431 1513 βάρβαρον
458 1459 607 1498 τοῦτον
635 1457 872 1500 ὑποσαίνων
901 1460 974 1499 καί
1002 1458 1061 1507 εἰς
1079 1456 1240 1514 ἡμέραν
1269 1460 1312 1508 ἐξ
1340 1454 1498 1513 ἡμέρας
1524 1473 1662 1513 παρα·
1677 1475 1731 1502 20

316 1597 341 1618 ι.
371 1584 534 1629 ἠρέθιζεν
558 1584 641 1625 CG,
673 1584 847 1631 ἠρέθισεν
875 1586 911 1618 Ρ.
1021 1588 1052 1621 3.
1083 1587 1212 1631 ἔσχηκε
1239 1586 1290 1626 G,
1322 1586 1476 1630 ἔσχηκεν
1499 1585 1537 1620 1³.
1632 1589 1665 1628 4.

313 1632 493 1675 σεβασιοῦ
522 1632 725 1675 Ducangius
753 1632 867 1664 Gloss.
894 1634 938 1665 ΙΙ.
963 1644 1000 1677 p.
1037 1634 1134 1675 1342,
1163 1631 1420 1677 σεβαστοτάτῳ
1445 1631 1517 1666 PG.
1636 1645 1665 1675 7.

310 1683 393 1710 ante
420 1681 659 1725 κατετέτρωτο
684 1678 766 1711 add.
786 1679 845 1712 PG
868 1674 907 1713 τὸ
932 1679 1128 1724 παράπαν,
1152 1691 1221 1712 om.
1238 1679 1278 1713 F.
1347 1682 1590 1724 καιετέτρωτο
1603 1674 1667 1719 FP,

309 1726 482 1769 ἐτέτρωτο
511 1724 583 1758 CG.
683 1736 734 1760 ιο.
758 1726 951 1770 κᾷκείνους
972 1727 1007 1759 Ρ.
1124 1737 1172 1758 12.
1198 1727 1336 1765 ἐκεῖνος
1357 1725 1408 1766 F,
1435 1728 1578 1762 ἐκεῖθεν
1594 1725 1665 1757 PG·

309 1771 554 1816 νιρεσβεύσων
577 1772 616 1812 F,
639 1771 857 1818 πρεσβεύων
879 1773 952 1808 PG.
1059 1773 1108 1816 14.
1141 1775 1313 1818 τρίβοντα
1341 1771 1383 1805 G.
1484 1783 1535 1816 ¹7·
1561 1773 1666 1808 ἔνια-

306 1839 377 1883 χοῦ
401 1839 495 1875 τῶν;
518 1839 549 1871 G
585 1840 621 1872 in
645 1841 803 1884 margine
828 1842 877 1874 “f.
917 1843 958 1878 ἐν
982 1854 1022 1876 ια
1046 1833 1096 1866 ²9¹
1119 1842 1226 1878 τῶν.”
1249 1840 1322 1874 vid.
1346 1844 1509 1875 annotat.
1610 1851 1665 1873 ao.

310 1886 454 1932 ἡμέραν
480 1886 525 1927 C,
555 1886 691 1933 ἡμέρας
714 1888 784 1920 PG.

221 2020 292 2054 que
317 2009 462 2053 probari
489 2015 686 2054 spectaret,
716 2011 890 2044 incitavit.
915 2010 954 2044 id
979 2010 1067 2044 fecit
1091 2021 1133 2043 eo
1160 2010 1336 2050 consilio,
1360 2015 1401 2045 ut
1418 2009 1502 2043 dum
1529 2014 1669 2054 tempus

221 2057 280 2088 hic
303 2057 367 2088 tali
393 2056 501 2088 modo
522 2063 678 2098 tereret,
703 2058 781 2091 istis
806 2059 960 2102 spatium
987 2058 1033 2090 ad
1059 2057 1323 2090 aedificandum
1348 2057 1502 2090 daretur.
1529 2063 1670 2090 exstru-

220 2109 278 2139 cta
303 2109 422 2135 autem
445 2114 545 2143 arce,
574 2103 636 2136 ubi
662 2106 887 2149 propositum
913 2104 958 2136 ad
982 2105 1089 2137 finem
1118 2105 1307 2149 pervenit,
1335 2102 1531 2136 maioribus
1558 2104 1668 2137 etiam

221 2149 392 2182 donatum
429 2150 637 2183 muneribus
677 2157 712 2183 et
751 2152 894 2194 angusti
928 2151 1102 2194 dignitate
1135 2152 1318 2190 affectum,
1354 2150 1501 2183 foedere
1539 2150 1668 2183 confir-

219 2201 335 2236 mato,
363 2196 723 2231 honorificentissime
750 2198 881 2231 itinere
908 2198 1083 2230 maritimo
1113 2196 1258 2230 dimisit.
1284 2207 1436 2242 cumque
1462 2197 1492 2229 is
1516 2196 1561 2229 de
1586 2207 1668 2230 arco

221 2248 399 2278 exstructa
423 2243 553 2275 certior
577 2243 691 2276 sactus
720 2250 835 2285 esset,
869 2255 1071 2289 quanquam
1109 2244 1264 2279 animum
1297 2244 1372 2277 eius
1409 2243 1445 2275 id
1470 2243 1668 2288 pungebat,

218 2294 342 2325 tamen
380 2289 526 2325 silentio
552 2301 626 2323 rem
659 2291 751 2323 scire
779 2302 816 2323 se
845 2291 1092 2324 dissimulavit.
1129 2291 1202 2323 tale
1241 2289 1330 2334 quid
1366 2291 1472 2323 etiam
1498 2288 1544 2322 de
1569 2290 1668 2322 Alci-

217 2335 328 2368 biade
355 2341 528 2370 narratur.
552 2337 604 2369 sic
629 2338 725 2369 enim
755 2343 790 2370 et
814 2338 877 2371 ille
896 2337 1194 2371 Lacedaemonios
1227 2336 1381 2377 fefellit,
1415 2337 1479 2382 qui
1507 2335 1668 2370 Athenas

218 2383 317 2415 refici
344 2394 417 2417 non
442 2383 694 2427 permitterent
719 2395 738 2416 a
758 2385 870 2417 Persis
896 2384 1045 2417 deletas.
1072 2389 1260 2428 postquam
1285 2384 1479 2428 praecepit,
1504 2383 1668 2416 utAthe-

216 2429 360 2462 nienses
385 2428 508 2462 urbem
533 2436 766 2471 renovarent,
792 2432 869 2475 ipse
897 2431 1034 2474 legatus
1059 2430 1361 2462 Lacedaemonem
1386 2429 1568 2475 profectus
1593 2435 1668 2472 θεὶς

218 2475 281 2508 ubi
308 2487 386 2508 cum
413 2476 602 2520 legationis
632 2482 773 2521 tempus
796 2479 963 2510 traxisset
992 2478 1142 2522 eiusque
1168 2475 1383 2514 aedificandi
1407 2477 1520 2509 otium
1546 2474 1669 2508 dedis-

218 2528 282 2563 set,
305 2522 465 2566 perfecta
492 2523 634 2556 demum
657 2523 794 2563 fraude,
819 2524 1091 2557 Lacedaemonii
1114 2524 1271 2556 Athenas
1298 2523 1481 2556 restitutas
1506 2533 1582 2555 esse
1604 2533 1667 2555 au-

217 2569 372 2602 dieruut.
391 2570 490 2603 cuius
507 2569 652 2615 quidem
670 2571 806 2602 fraudis
820 2571 982 2614 egregiae
994 2571 1158 2604 meminit
1184 2571 1291 2603 etiam
1315 2570 1510 2604 Paeanieus
1532 2568 1667 2604 alicubi

217 2615 255 2647 iu
280 2615 502 2649 orationibus
521 2617 602 2649 suis.
639 2617 711 2650 tale
746 2617 852 2650 etiam
870 2618 978 2661 patris
1004 2618 1073 2650 mei
1105 2618 1306 2657 consilium,
1341 2617 1399 2650 vel
1434 2616 1553 2661 potius
1567 2615 1668 2648 Alei-

215 2660 322 2695 biado
348 2663 455 2696 etiam
480 2663 705 2708 prudentius.
726 2675 806 2697 nam
836 2665 1047 2709 spectaculis
1077 2664 1230 2708 aliisque
1259 2662 1504 2709 voluptatibus
1531 2661 1667 2697 barba-
