1754 3086
222 100 386 140 xxvln
654 97 908 140 LUDOVICl
952 97 1213 139 SCHOPENI

222 219 368 265 quam
396 200 562 247 Gracci
596 202 800 265 exempli
828 201 1212 264 similitudinem,
1242 218 1298 248 eo
1334 202 1484 248 suerat
1516 209 1654 264 opta-

222 284 331 342 tius,
364 281 497 344 quod
516 281 777 328 Alexander
797 283 1180 346 Diesterwegius,
1213 281 1469 344 discipulus
1491 300 1651 346 quon-

222 362 331 408 dam
368 380 518 424 meus,
551 380 681 410 suam
716 365 833 410 mihi
860 381 1056 427 operam
1092 363 1152 410 ad
1187 381 1358 410 novam
1393 363 1652 426 parandam

220 445 346 490 ultro
382 445 621 506 pollicitus
655 455 765 491 erat.
847 446 1043 508 Iamque
1086 446 1266 491 iuvenis
1301 445 1525 508 egregius,
1560 460 1655 507 qua

222 535 322 571 crat
355 526 597 590 diligentia
631 527 875 589 animique
920 526 1180 586 alacritate,
1215 525 1526 571 exantlaverat
1569 523 1657 569 ali-

223 615 458 669 quantum
487 607 692 668 laboris,
721 616 864 670 atque
900 607 1041 653 etiam
1082 607 1340 653 nonnullos
1367 607 1516 667 locos,
1548 621 1656 651 cor-

222 689 513 750 ruptelarum
544 690 652 735 labe
683 689 901 751 affectOS,
937 688 1103 735 eadem
1132 704 1279 751 opera
1313 686 1375 734 ad
1405 687 1654 734 sanitatem

221 768 484 832 redegerat,
518 786 644 831 cum,
681 786 806 831 ecce,
835 787 966 817 mors
997 771 1097 816 eius
1115 770 1383 829 immatura,
1413 784 1536 832 quae
1567 767 1654 813 tri-

219 851 301 896 stis
346 859 393 896 et
433 852 603 896 acerba
655 852 796 897 nobis
852 851 1052 913 accidit,
1100 851 1276 914 incepti
1332 847 1653 913 persequendi

220 946 356 993 spem
392 947 586 976 omnem
617 932 795 994 evertit.
876 932 1040 995 Itaque
1088 932 1188 994 ipse
1236 930 1296 978 de
1331 932 1514 995 integro
1552 947 1654 978 rem

218 1026 490 1073 aggressus,
539 1012 795 1074 legentium
834 1013 1023 1058 utilitati
1079 1013 1284 1058 maxime
1326 1014 1651 1059 consulturum

215 1106 294 1136 me
328 1093 582 1153 putabam,
623 1092 690 1153 si,
738 1103 970 1156 quantum
1016 1110 1042 1140 a
1073 1094 1339 1139 temeritate
1383 1110 1438 1140 ac
1463 1092 1652 1139 lascivia

217 1171 479 1219 decessoris
507 1174 602 1220 mci
624 1175 853 1234 abessem,
886 1184 1072 1221 tantum
1099 1175 1425 1222 morositatem
1460 1174 1648 1220 illorum

218 1254 532 1316 interpretum
551 1254 776 1318 sugerem,
813 1256 896 1318 qui
932 1257 1123 1320 singulis
1141 1255 1509 1302 annumerandis
1542 1271 1648 1301 ver-

219 1336 295 1383 bis
328 1336 475 1382 fidem
522 1344 738 1381 constare
783 1337 1054 1398 opinantur.
1137 1337 1268 1383 Hanc
1302 1333 1648 1398 interpretandi

217 1418 359 1478 viam,
398 1433 522 1480 quae
555 1417 678 1463 inter
711 1416 827 1463 duas
855 1419 1059 1464 maxime
1081 1417 1285 1464 diversas
1311 1419 1410 1464 sola
1438 1417 1500 1464 ad
1532 1433 1649 1479 pro-

219 1498 432 1543 babilem
457 1498 701 1560 scriptoris
735 1499 991 1561 imaginem
1025 1499 1198 1545 ducere
1230 1499 1349 1544 mihi
1383 1498 1650 1558 videbatur,

219 1579 380 1639 omni,
415 1595 511 1641 qua
544 1580 709 1641 potui,
743 1581 1009 1626 constantia
1049 1590 1210 1627 tenere
1245 1580 1428 1640 studui,
1462 1597 1516 1626 ac
1559 1580 1649 1625 nisi

215 1661 358 1723 plane
376 1661 579 1722 turpiter
612 1661 662 1707 in
689 1661 960 1708 alterutram
994 1672 1177 1725 partem
1202 1663 1410 1726 peccavi,
1442 1679 1542 1708 non
1563 1679 1648 1708 ve-

216 1742 421 1789 rendum
460 1742 576 1803 erit,
611 1744 801 1806 opinor,
831 1761 891 1791 ne
930 1745 1071 1808 aequi
1106 1746 1321 1805 lectoreS,
1356 1745 1394 1790 si
1429 1761 1551 1806 quae
1577 1745 1647 1790 le-

216 1826 351 1871 viora
385 1831 537 1869 errata
570 1822 1003 1887 deprehenderint,
1042 1842 1142 1872 non
1175 1814 1496 1872 condonanda
1534 1841 1649 1871 cen-

218 1915 367 1952 seant.
436 1903 655 1951 Ceterum
685 1906 999 1970 Argumenta,
1043 1908 1234 1970 singulis
1277 1907 1649 1970 librispraepo-

217 1988 331 2049 sita,
365 2002 490 2034 nova
523 1996 571 2033 et
602 1988 704 2050 ipsa
738 1998 860 2035 sunt.
938 1989 1162 2035 Libenter
1193 2004 1446 2035 servassem
1475 1996 1650 2048 vetera,

222 2070 313 2117 nisi
343 2086 503 2116 rerum
533 2071 592 2116 ab
627 2070 762 2117 Anna
794 2080 1086 2118 narratarum
1130 2071 1299 2116 seriem
1335 2087 1504 2132 parum
1535 2086 1646 2132 per-

218 2151 381 2214 spicue
418 2150 739 2197 ostenderent.
819 2151 871 2197 In
905 2151 1022 2197 meis
1064 2149 1319 2212 praecipua
1352 2158 1535 2195 tantum
1568 2149 1646 2195 hi-

218 2233 392 2279 storiae
425 2233 580 2295 capita
613 2231 902 2294 indicantur,
936 2248 1084 2295 quae,
1120 2247 1216 2293 quo
1240 2230 1540 2276 commodius
1569 2247 1648 2276 re-

219 2314 366 2376 periri
409 2322 632 2375 possent,
677 2313 818 2359 ctiam
861 2315 911 2361 in
949 2323 1078 2361 textu
1113 2311 1291 2358 Graeco
1329 2311 1537 2358 numeris
1570 2311 1647 2358 di-

220 2392 500 2456 stinguenda
535 2395 706 2440 curavi.

350 2475 385 2521 E
418 2476 603 2522 Possini
636 2475 895 2535 Glossario,
930 2475 1064 2538 quod
1096 2484 1206 2537 post
1240 2475 1468 2541 Ducangii
1502 2472 1647 2520 Com-

220 2557 507 2617 mentarios,
551 2557 712 2602 nobile
755 2556 871 2602 illud
918 2556 1199 2603 cruditionis
1243 2565 1650 2615 monumentum,

221 2653 365 2685 nemo
416 2639 549 2690 facile
592 2639 826 2700 integrum
877 2638 1121 2701 requirat,
1157 2638 1346 2684 resectis
1391 2638 1646 2684 verborum
