1754 3086
270 117 392 156 XLIV
691 112 906 154 DAVIDIS
957 113 1272 155 HOESCHELII

271 253 344 293 que
371 237 578 291 Principes
605 235 790 288 indulget.
812 236 1008 276 Cordatus
1039 238 1160 276 lector
1187 237 1392 276 historiam
1419 238 1503 276 suis
1529 251 1702 278 momen·

271 306 335 354 tis,
362 318 439 342 non
452 303 668 341 Auctor-um
695 301 906 354 affectibus
931 302 1151 355 ponderet.-
1196 303 1379 342 Tacitum
1406 313 1443 342 et
1471 303 1702 344 Suetonium

270 370 460 408 adversus
481 369 672 407 Cliristum
691 377 730 407 et
749 368 995 408 Christianos
1018 369 1195 418 inim-ios,
1217 369 1395 408 manibus
1414 378 1541 408 tamen
1568 370 1704 409 excuti

273 449 350 474 non
381 437 574 488 patimur.
632 435 720 487 Quo
748 433 892 472 ordine
922 434 1038 487 apud
1059 436 1294 488 posteriores
1328 435 1502 474 Graecos
1530 437 1708 475 Romani

273 514 424 551 omnes,
451 501 620 546 scimus;
645 500 766 539 Anna
790 508 992 554 praeterea
1015 500 1208 554 proprias
1227 514 1267 538 se
1291 500 1376 539 odii
1401 515 1536 540 causas
1563 502 1706 540 habere

271 566 547 616 existimabat,
591 565 699 620 quod
729 566 945 617 Gregorius
973 566 1165 617 Pontifex
1202 566 1435 604 acerrimum
1462 567 1613 606 Alex-ii
1635 568 1706 605 Ιιο-

270 641 366 670 stem
381 632 590 671 Robertum
611 631 890 680 Guiscardum,
913 641 1073 685 patrem
1090 631 1320 682 Boemundi,
1349 645 1460 686 quem
1488 633 1561 670 illa
1586 633 1722 676 etiam,

271 696 439 750 mirifice
466 698 681 736 insectatur
705 707 743 736 et
783 698 974 750 exagitat,
1009 699 1049 736 in
1078 698 1294 736 amicitiam
1338 706 1542 752 receperat.
1598 698 1707 736 Ber.

272 763 400 802 toldus
430 762 732 803 constantiensis
770 778 873 803 amzo
909 762 1021 805 1084.
1059 765 1152 802 haec
1178 763 1299 802 hahet.
1357 763 1427 801 His
1454 763 1708 816 temporibus

273 829 748 882 Constantinopolitanus
780 829 991 868 maximam
1027 829 1242 882 pecuniam
1270 829 1465 868 Heinrieo
1496 828 1706 882 quondam

269 896 370 949 Regi
402 896 632 945 transmisit,
663 903 706 935 ut
724 895 1008 935 Ruodbertum
1027 895 1304 944 Wiscardum,
1334 895 1477 934 ducem
1493 894 1707 934 Calabriae

271 967 313 1000 et
343 962 541 1014 Apuliae,
571 962 832 1001 coniuratum
861 961 1031 1001 militem
1062 960 1212 1000 domini
1245 961 1405 1013 Papae,
1434 961 1474 1000 in
1505 960 1706 1001 ultionem

270 1027 447 1067 eiusdem
468 1027 585 1080 Regis
612 1027 720 1067 bello
751 1033 978 1080 appeteret.
1035 1027 1135 1066 Nam
1153 1026 1414 1066 Ruodbertus
1442 1027 1522 1066 iam
1551 1026 1706 1067 dudum

268 1094 367 1133 fines
401 1093 958 1146 Constantiuopolitanorum
997 1093 1162 1143 invasit,
1202 1094 1434 1147 iterumque
1459 1093 1558 1132 illud
1585 1107 1708 1146 expe-

269 1158 465 1198 ditionem
489 1173 657 1198 movere
679 1159 897 1213 disposuit:
925 1159 994 1199 sed
1014 1160 1226 1199 Heinricus
1248 1164 1450 1212 acceptam
1478 1160 1706 1212 pecuniam,
1727 1187 1729 1189 -

269 1239 351 1264 non
399 1226 438 1263 in
475 1225 733 1278 procinctum
784 1231 930 1265 contra
972 1226 1282 1276 Ruodhertum,
1322 1224 1434 1279 quod
1475 1225 1731 1266 iuramento

268 1292 487 1345 promisit,
516 1291 585 1331 sed
617 1292 668 1330 ad
697 1291 996 1331 conciliandum
1040 1291 1113 1330 sibi
1145 1291 1284 1345 vulgus
1314 1293 1598 1331 Romanorum
1627 1291 1706 1330 im-
1723 1282 1730 1334 f

267 1357 425 1410 pendit.
486 1357 584 1395 Cum
632 1357 789 1397 Urbano
825 1357 969 1396 deinde
1007 1356 1205 1412 Pontifice
1240 1357 1414 1398 Alexius
1458 1358 1501 1396 in
1537 1359 1708 1410 gratiam

269 1424 390 1463 rediit
414 1438 518 1463 anno
552 1422 668 1462 1089.
700 1433 741 1462 ut
780 1424 883 1463 idem
918 1423 1126 1462 Bertoldus
1152 1424 1277 1462 habet.
1350 1425 1549 1463 Dominus
1592 1415 1733 1480 Papa'ffjf

270 1490 767 1542 Constantinopolitanum
809 1490 859 1528 ab
892 1490 1310 1529 excommunicatione
1331 1504 1407 1543 per
1436 1490 1586 1544 legatos
1611 1481 1734 1530 suos‘fl‘

270 1556 458 1594 absolvit.
520 1557 627 1609 Quin
655 1571 709 1594 ex
728 1557 928 1596 Casinensi
955 1557 1088 1595 chron.
1121 1553 1158 1595 4.
1188 1571 1219 1595 e.
1249 1552 1317 1595 48.
1349 1557 1590 1609 colligimus,
1620 1549 1735 1600 eum?

263 1623 506 1677 postmodum
540 1622 763 1661 Occidentis
791 1622 1003 1677 Imperium
1029 1638 1055 1661 a
1084 1622 1269 1661 Pascliali
1297 1622 1411 1662 Pont.
1445 1637 1608 1677 sperare
1635 1608 1734 1662 aie-fi

268 1703 363 1726 sum.
420 1688 579 1726 Aiexius
612 1688 842 1739 imperator
878 1689 1172 1727 strenuissimos
1210 1703 1256 1727 ex
1293 1703 1366 1727 suo
1396 1688 1570 1742 imperio
1598 1653 1737 1730 viros}

270 1755 444 1794 Romam
471 1769 563 1792 cum
593 1754 670 1793 suis
702 1754 843 1792 litteris
874 1755 1002 1805 misit,
1034 1755 1178 1807 quibus
1206 1769 1246 1794 sc
1275 1755 1464 1794 iniuriam
1491 1755 1540 1794 ab
1571 1747 1726 1808 Imperi

278 1826 421 1860 ratore
451 1820 602 1859 iliatam
630 1820 822 1859 Pontifici
863 1827 986 1873 atque
1016 1819 1230 1869 Romanis,
1260 1820 1447 1860 dolenter
1471 1820 1626 1860 audisse
1651 1818 1725 1870 εἰ-ζ4

267 1887 483 1940 gnificaus,
528 1886 672 1939 agebat
710 1887 973 1938 postmodum
1003 1887 1173 1939 gratias,
1200 1901 1348 1940 eosque
1376 1887 1570 1926 laudabat
1597 1883 1719 1940 quod:

267 1951 444 1992 viriliter
489 1951 544 1990 illi
593 1952 856 1991 obstitissent.
923 1956 1054 2007 Atque
1098 1953 1150 1991 ob
1193 1953 1255 2004 id,
1292 1953 1323 1991 si
1366 1952 1529 1991 illorum
1554 1952 1710 1991 animos

266 2023 433 2072 paratos
461 2024 755 2072 promptosque
784 2019 965 2058 sensisset
985 2024 1045 2067 (ut
1071 2019 1145 2056 sibi
1178 2018 1255 2057 iam
1284 2017 1439 2057 dudum
1468 2018 1721 2058 nunciatum.

269 2084 420 2131 fuerat)
453 2083 555 2123 veile
585 2084 648 2123 vel
676 2098 730 2134 se,
761 2085 824 2123 vei
854 2087 1047 2124 Ioannem
1073 2098 1201 2133 suum,
1231 2085 1338 2122 iuxta
1367 2099 1523 2123 morem
1548 2085 1722 2137 prisco-'-

267 2164 361 2190 rum
394 2149 573 2189 fidelium
602 2150 924 2203 Imperatorum,
955 2166 976 2189 a
997 2165 1151 2190 summo
1175 2150 1375 2189 Pontifice
1400 2151 1554 2189 Romae
1582 2164 1719 2189 coro-
1751 2162 1754 2184 ε

272 2231 364 2255 nam
395 2215 562 2268 Imperii
589 2229 759 2255 sumere.
821 2217 969 2256 Verum
999 2231 1042 2255 eo
1069 2215 1307 2265 redeamus3
1343 2226 1385 2256 ut
1413 2217 1563 2255 Annae
1573 2215 1706 2271 fidem
1752 2207 1754 2239 Ῑ

265 2283 308 2321 ἰη
337 2284 399 2331 iis,
427 2297 526 2338 quae
553 2292 696 2322 contra
723 2291 879 2322 nostros
910 2285 1058 2338 scripta
1097 2283 1267 2336 reliquit,
1299 2291 1512 2335 praestare
1539 2295 1616 2319 non
1644 2281 1706 2319 lu·

269 2349 343 2399 bet,
375 2350 435 2389 ita
463 2358 502 2389 et
531 2362 666 2389 eorum
688 2379 700 2400 ,
738 2364 844 2402 quae
871 2344 997 2388 nostri
1022 2348 1222 2388 adversus
1251 2347 1442 2387 Alexium
1467 2347 1589 2400 pleno
1614 2339 1718 2385 lior->

266 2428 332 2454 reo
361 2416 538 2454 remensi
561 2424 661 2462 sunt,
693 2416 981 2454 auctoritatem
1010 2414 1258 2466 dcfiiginzusf:
1292 2427 1384 2452 nam
1404 2413 1572 2464 largiter
1598 2413 1718 2453 hanc,

267 2479 489 2520 Comtzenae
521 2481 683 2520 retulere
723 2482 904 2534 gratiam,
945 2481 1052 2535 quod
1074 2481 1269 2534 sequentia
1298 2479 1447 2533 aliquot
1473 2479 1562 2518 loca
1589 2477 1704 2516 doce-
1712 2495 1717 2522 χ

265 2545 370 2598 bunt,
403 2547 558 2600 longum
583 2548 708 2586 visum
735 2549 868 2586 omnia
896 2547 1126 2586 exscribere.
1542 2555 1544 2557 “
