1754 3086
206 63 317 130 342
660 80 841 121 ANNAE
878 77 1170 122 coMNENAE

203 181 413 222 σπεύσατε
449 180 567 232 ὑμεῖς
606 182 935 233 προκαταλαβεῖν
974 178 1034 228 εἰς
1065 176 1140 219 τὸν
1164 177 1460 232 ὖπερκεᾴιενον-
1484 182 1642 236 αὐχένα

204 245 519 299 ἐπικαιρότατον
548 238 650 287 ὄντα
673 247 755 286 τῶν
784 239 937 298 ἄλλων,
970 244 1133 284 κάκεῖσε
1151 242 1223 285 τὸν
1240 243 1411 299 χάρακα
1440 247 1644 303 πήξασθε,

166 317 192 351 C
209 315 267 362 ὥς
294 310 352 367 μὴ
381 311 615 367 ἐκεχειρίαν
645 309 756 364 ἔχειν
770 310 840 352 τὸν
867 306 1157 363 αὐτοκράτορα
1183 314 1414 364 πολιορκεῖν
1440 310 1485 354 τὸ
1510 328 1646 369 φρου-

203 381 293 431 ριόν
314 409 327 431 ,
370 375 478 418 ἄλλα
505 378 576 418 καί
603 371 777 418 ὄπισθεν
815 372 928 428 ὁμῶς
955 373 1069 428 ἔχειν
1100 374 1169 415 τὸν
1196 376 1316 426 νοῦν,
1347 375 1422 431 τήν
1449 378 1494 427 ἐξ
1524 377 1646 430 ὑμῶν

203 440 477 500 ὑφορώμενον
503 440 680 497 βλάβην.
708 441 829 494 ὑμεῖς
857 443 903 483 δὲ
933 441 1180 494 πανημέριοι
1207 440 1280 483 καὶ
1306 440 1528 497 παννύχιοι
1555 445 1683 487 κατ’5

206 512 338 551 αὐτοῦ
372 510 598 562 πέμποντες
627 504 852 561 ἀμοιβαδίς
878 505 1134 559 στρατιώτας
1162 504 1220 561 μη
1250 505 1491 550 hamdan?
1542 508 1566 550 ὅ
1599 511 1648 551 δὲ

207 571 472 630 αὖτοκράτωρ
513 572 823 629 στοχασάμενος
868 574 943 614 τοῦ
975 571 1160 624 δέοντος,
1201 572 1437 617 καταλιπών
1463 572 1540 630 τὴν
1565 576 1649 617 τῶν

206 640 471 695 α’κροπόλεων
498 642 759 694 πολιορκίαν,
801 637 914 693 (ἐπεὶ
947 637 1157 693 δυσχερὴς
1196 633 1247 694 ἧν
1283 638 1356 681 καί
1380 642 1530 694 καιροῦ
1558 642 1649 682 δεο-

206 708 343 762 μένη,)
373 708 563 749 κάκεῖθεν
590 703 769 758 ἐξελθών
777 738 790 759 ,
820 707 920 759 περί
943 721 1035 747 τινα
1067 702 1202 759 ῥύακα
1230 706 1365 760 ἀγχοῦ
1388 708 1466 749 τοῦ
1480 702 1649 763 Ἴστρου

209 771 468 825 διακείμενον
498 771 568 814 τὸν
596 770 765 827 χάρακα
791 769 991 825 ἐπήξατο,
1016 771 1318 824 βουλευόμενος
1344 774 1384 814 εἰ
1407 771 1492 828 χρὴ
1519 787 1650 828 προσ-
1668 785 1714 814 ιο

207 841 352 890 βαλεῖν
391 842 478 887 τοῖς
507 838 704 886 Σκύθαις.
767 836 788 879 ὁ
815 839 893 889 μὲν
933 830 1007 878 οὖν
1035 837 1327 891 Παλαιολόγος
1365 839 1437 880 καί
1464 837 1487 879 ὅ
1519 841 1652 881 Μαυ-

208 902 503 955 ροκατακαλών
534 906 575 945 Γ
573 903 765 958 ρηγόριος
801 902 873 944 τὸν
909 902 1015 956 μετὰ
1043 905 1126 945 τῶν
1153 902 1434 955 Πατζινοίκων
1475 904 1653 958 α’νεβιὶλ-

210 973 325 1011 λοντο
368 967 568 1023 πόλεμον,
608 968 915 1022 ὁπλισαμένους
952 970 998 1011 δὲ
1039 968 1341 1023 συνεβούλευον
1364 968 1440 1025 τήν
1469 968 1654 1025 μεγάλην

166 1033 515 1091 ΠΠερισθλάβαν
550 1039 811 1089 καταλαβεῖν.
869 1035 945 1077 “οἱ
986 1033 1065 1091 γὰρ
1093 1035 1256 1077 Σκύθαι
1287 1033 1399 1079 οὕτω
1424 1038 1652 1092 πορευομέ-

209 1116 307 1151 νους
325 1099 434 1155 ἡμᾶς
458 1103 829 1154 καθωπλισμένους
846 1104 935 1155 μετ’
962 1097 1186 1154 εὐκοσμίας
1204 1099 1422 1155 θεώμενοι,
1452 1102 1651 1155 οὐδαμῶς
1669 1103 1717 1144 ι5

207 1168 279 1211 τὸν
307 1171 405 1209 καθ’
432 1167 552 1221 ἡμῶν
582 1167 931 1222 α’ποθαρρήσουσι
973 1167 1174 1220 πόλεμον”
1201 1166 1351 1222 ἔλεγον.
1409 1170 1485 1210 “el
1511 1170 1558 1210 δὲ
1580 1170 1654 1210 καί

206 1233 244 1275 οἱ
273 1232 412 1281 ἱππεῖς
440 1229 539 1287 ἄτερ
570 1235 654 1275 τῶν
690 1233 858 1286 ἁμαξῶν
885 1235 964 1275 τοῦ
991 1236 1172 1286 πολέμου
1201 1231 1574 1290 κατατολμήσειαν,
1605 1228 1654 1275 εὖ

206 1297 327 1352 ἴσθι,
358 1297 414 1347 ὥς
443 1298 761 1354 ἡττηθήσονται,
790 1301 862 1341 καί
889 1300 1008 1353 ἡμεῖς
1035 1303 1111 1341 τοῦ
1141 1302 1290 1341 λοιποῦ
1320 1297 1526 1355 ὂχύρωμα
1554 1301 1654 1353 ἐρυ-

204 1364 409 1416 μνότατον
446 1363 521 1418 την
546 1362 731 1419 μεγάλην
750 1367 895 1418 ἕξομεν
914 1365 1263 1421 Περισθλάβαν.”
1318 1364 1437 1416 πόλις
1468 1368 1514 1407 δὲ
1540 1364 1651 1421 αὕτη

205 1429 438 1486 περιφανὴς
467 1433 567 1485 περί
590 1431 663 1471 τὸν
681 1426 841 1486 Ἴστρον
869 1433 1131 1486 διακειμένη,
1171 1434 1271 1474 ποτὲ
1297 1433 1376 1486 μὲν
1403 1428 1492 1475 οὔτ’
1517 1429 1647 1485 ὄνομα
1663 1447 1716 1473 20

203 1498 325 1538 τοῦτο
351 1494 508 1550 ἔχουσα
534 1495 580 1538 τὸ
595 1497 869 1551 βαρβαρικόν,
895 1497 986 1540 ἀλλ’
1008 1496 1299 1553 Ἔλληνίζουσα
1317 1497 1416 1554 περὶ
1427 1496 1503 1553 τήν
1521 1513 1650 1553 προσ-

301 1641 334 1684 4.
361 1638 463 1687 ὅμως
488 1640 556 1674 PG.
585 1641 732 1674 correxi.
828 1643 862 1677 6.
891 1640 1089 1687 ἀμοιβαδὶς
1112 1641 1165 1683 G,
1193 1638 1397 1689 ἆμειβαδὸν
1420 1643 1456 1676 Ρ.
1565 1641 1585 1678 ὃ
1611 1643 1651 1678 δὲ

300 1682 471 1733 βασιλεὺς
497 1683 710 1723 καταλιπών
734 1688 774 1720 A.
915 1694 947 1725 8.
978 1691 1058 1724 ἐπεὶ
1082 1709 1128 1715 --
1156 1689 1309 1736 δεομένη
1334 1689 1414 1722 add.
1442 1689 1484 1722 A.
1612 1702 1648 1736 9.

300 1733 473 1770 κάκεῖθεν
495 1735 651 1774 ἐξελθών
676 1747 743 1767 om.
771 1735 810 1768 A.
888 1747 940 1771 ιι.
967 1734 1043 1770 ἀλλ’
1071 1736 1091 1771 ὅ
1104 1737 1185 1794 μὲν
1201 1736 1448 1783 παλαιολὸγος
1468 1735 1509 1770 A.
1599 1747 1650 1769 ια.
1703 1758 1706 1763 .

299 1785 374 1828 μετ’
401 1781 524 1817 αὐτῶν
550 1781 791 1826 ἀνεβάλλοντο
812 1783 850 1815 A.
998 1785 1048 1828 14.
1077 1796 1172 1818 ουτω
1197 1795 1264 1816 om.
1295 1784 1335 1816 A.
1512 1785 1563 1818 15.
1589 1785 1654 1817 καὶ

303 1827 562 1875 ὡπλισμένους
583 1828 623 1862 A.
750 1832 800 1864 18.
829 1827 878 1868 (ὃς
902 1841 969 1862 om.
989 1830 1027 1863 C.
1136 1843 1186 1876 ¹9·
1213 1830 1469 1884 Περσθλάβαν
1490 1831 1530 1863 A.
1557 1829 1653 1884 apud

301 1875 416 1908 Nicet.
442 1888 477 1920 p.
507 1877 594 1919 486,
627 1887 665 1921 ¹9
689 1881 834 1909 vocatur
858 1876 1097 1923 Πρισθλάβα.
1194 1887 1249 1910 21.
1275 1890 1315 1913 το
1343 1889 1411 1912 om.
1440 1877 1483 1911 G.
1577 1876 1653 1912 ἄπο
1707 1893 1710 1895 ·

302 1921 362 1964 τῆς
386 1926 643 1968 προσηγορίας
667 1922 709 1956 G.

210 2047 294 2080 pare
321 2036 442 2079 iugum
467 2035 559 2068 inter
584 2041 701 2068 cetera
730 2037 1067 2081 opportunissimum
1096 2036 1219 2083 ibique
1244 2040 1357 2069 castra
1386 2035 1580 2077 collocate3
1606 2045 1652 2068 ne

210 2083 325 2115 otiose
348 2092 470 2116 vacare
508 2084 765 2127 oppugnationi
802 2084 994 2128 imperator
1032 2090 1159 2128 queat,
1201 2083 1263 2116 sed
1292 2095 1333 2115 ea
1357 2083 1487 2123 simul,
1515 2093 1606 2126 quae
1633 2093 1653 2114 a

210 2135 307 2173 tergo
325 2129 426 2170 fiunt,
452 2135 629 2174 respectet
641 2136 735 2163 metu
759 2131 1000 2174 impendentis
1017 2143 1036 2163 a
1059 2131 1160 2164 vobis
1183 2131 1345 2175 periculi.
1367 2141 1428 2162 vos
1454 2134 1572 2161 autem
1587 2139 1654 2161 nec

210 2176 303 2208 diem
326 2187 393 2208 nec
420 2181 560 2209 noctem
585 2178 878 2220 praetermittite,
904 2179 991 2223 quin
1017 2178 1148 2211 milites
1172 2189 1236 2222 per
1261 2177 1354 2210 vices
1378 2176 1542 2209 adversus
1571 2185 1654 2208 eum

207 2223 395 2255 succedere
419 2222 603 2256 iubeatis.”
621 2224 813 2268 imperator
827 2236 903 2257 cum
921 2225 1010 2270 quid
1024 2225 1118 2258 facto
1139 2236 1226 2270 opus
1250 2229 1343 2257 esset
1353 2223 1503 2263 videret,
1519 2222 1654 2255 arcium

208 2270 478 2314 oppugnatione
505 2276 630 2314 utpote
656 2271 797 2303 difficili
824 2277 860 2305 et
886 2272 1083 2318 longinqua
1113 2272 1261 2311 omissa,
1287 2270 1371 2303 hinc
1395 2270 1581 2313 digressus,
1609 2268 1654 2302 ad

208 2317 333 2358 rivum,
358 2317 418 2361 qui
443 2315 488 2349 ab
504 2317 594 2350 Istro
619 2329 691 2350 non
714 2318 863 2350 multum
890 2319 1023 2359 aberat,
1047 2324 1312 2352 castrametatus
1342 2323 1406 2357 est,
1435 2316 1567 2361 ecquid
1591 2326 1654 2358 ag—

208 2362 303 2405 gredi
338 2363 485 2406 Scythas
517 2363 721 2408 expediret,
748 2366 964 2399 consultans.
1024 2366 1254 2409 palaeologus
1303 2370 1339 2397 et
1370 2363 1653 2397 Maurocatacalo

207 2410 399 2453 Gregorius
424 2421 575 2456 pugnam
611 2422 688 2444 cum
718 2411 910 2445 Patzinacis
949 2413 1123 2458 putabant
1157 2411 1412 2452 ‹lifferendam3
1436 2416 1568 2442 armato
1592 2409 1652 2442 in-

206 2462 413 2502 structoque
444 2458 600 2490 exercitu
631 2457 886 2491 Peristhlabam
919 2470 1077 2502 magnam
1115 2457 1410 2504 proficiscendum
1446 2457 1651 2490 censebant.

207 2504 281 2536 “sic
317 2504 430 2544 enim,
463 2504 696 2550 inquiebant,
735 2504 795 2536 ubi
829 2511 968 2549 paratos
993 2517 1059 2538 nos
1082 2511 1118 2538 et
1142 2506 1287 2549 integris
1312 2504 1498 2538 ordinibus
1526 2508 1651 2536 euntes

207 2549 357 2592 Scythae
381 2550 558 2590 viderint,
585 2562 810 2597 nequaquam
840 2563 996 2596 pugnare
1024 2551 1210 2585 nobiscum
1244 2551 1439 2584 audebunt.
1476 2551 1531 2584 sin
1558 2550 1650 2582 sorte

206 2597 347 2640 equites
373 2598 451 2631 sine
474 2597 636 2631 curribus
670 2603 803 2631 temere
839 2598 980 2642 aggredi
1006 2610 1071 2632 nos
1091 2605 1285 2638 conentur,
1321 2599 1410 2631 scito
1435 2609 1493 2630 eos
1518 2597 1649 2629 victum

205 2643 272 2686 πὶ,
297 2644 401 2679 nobis
425 2650 544 2680 autem
563 2644 780 2692 praesidinm
803 2645 873 2679 iam
900 2646 1178 2680 munitissimum
1198 2646 1275 2679 sore
1300 2655 1463 2690 maguam
1491 2641 1646 2678 Peristh—
