1754 3086
236 110 348 176 304
697 129 878 171 ANNAE
916 129 1207 172 COMNENAE

193 231 450 282 Βφρουρεῖν,
481 225 555 280 τήν
592 227 728 269 αὐτοῦ
763 229 921 271 ἐκεῖθεν
953 231 1219 271 ἐπανέλευσιν
1243 230 1581 285 ἀπεκδεχόμενον.
1621 249 1662 274 ιο

232 294 278 333 δὲ
303 290 575 346 Ἀπέλχασὴμ
602 289 920 349 ἀρχισατράπης
944 297 1000 350 τῷ
1024 293 1117 335 τότε
1143 298 1216 349 τῆς
1244 299 1424 346 Νικαίας
1452 293 1531 350 ὢν,
1561 297 1665 340 ταύ-

227 374 300 412 την
329 358 572 410 κατασχών,
611 360 654 400 ἐν
690 353 717 416 ᾗ
757 361 828 401 καί
866 360 911 401 τὸ
951 364 1234 403 σουλτανίκιον
1273 357 1350 417 ἧν,
1394 365 1466 404 καί
1492 365 1550 419 τῷ
1571 364 1665 423 ἰδίῳ

231 423 402 479 ἀδελφῷ
441 423 676 481 Πουλχοίσῃ
717 427 798 466 τῶν
832 423 934 466 κατα
974 426 1051 479 τὴν
1082 429 1386 469 Καππαδοκίαν
1413 429 1666 484 παραχωρή-

231 504 335 540 σας,
363 491 408 530 ὲν
443 489 668 547 ἀμεριμνίᾳ
696 505 739 531 τε
778 485 854 544 ἦν,
882 491 955 544 τήν
982 492 1055 531 τοῦ
1085 494 1371 534 σουλτανικίου
1402 494 1523 544 ἀξίαν
1549 488 1703 549 περι-5

232 552 450 602 ζώσασθαι
475 554 662 607 οἰόμενος
688 557 761 596 καί
787 550 865 610 ἤδη
893 558 937 597 ἐν
959 558 1083 610 χερσὶ
1110 558 1288 610 νομίζων
1315 561 1528 612 κατέχειν,
1558 562 1667 615 (δει-

230 620 299 667 νὸς
325 617 406 675 γὰρ
452 615 504 674 ἧν
529 618 549 661 ὃ
579 620 685 675 ἀνὴρ
725 620 799 662 καί
837 623 1168 676 φιλοκινδυνος,)
1207 622 1278 664 καί
1320 625 1540 678 ἀρκεῖσθαι
1578 631 1667 676 τοῖς

230 686 393 727 ἑνοῦσιν
421 686 498 726 οιῖκ
533 681 707 740 ἤθελεν,
734 685 840 727 ἀλλὰ
876 692 1094 741 προνομεῖς
1122 683 1399 742 ἀποστέλλων,
1427 688 1502 744 τὴν
1529 693 1667 733 Βιθυ-

229 753 312 793 νῶν
337 752 517 806 ἐληΐζετο
545 749 715 793 ἅπασαν
745 750 817 792 καί
839 754 988 805 μέχρις
1018 753 1144 806 αυ’τῆς
1172 756 1469 808 Προποντίδος.
1496 756 1546 811 τῇ
1568 757 1668 810 γοῦν

230 819 408 874 προτέρᾳ
436 816 602 874 μεθόδῳ
626 816 886 872 χρησάμενος
914 816 936 857 ὅ
965 817 1256 873 αὐτοκράτωρ,
1298 818 1393 869 τούς
1419 822 1496 872 μὲν
1522 835 1667 875 προνο·
1683 835 1720 864 ιι

230 888 322 934 μεῖς
349 883 577 934 ἀνέστελλε,
622 880 696 923 τὸν
735 884 782 923 δὲ
817 881 1090 937 Ἀπελχασὴμ
1125 882 1228 938 πρὸς
1253 883 1460 939 εἰρηνικάς
1487 884 1669 935 σπονδὰς

192 946 475 1002 Οσυνήλαυνε.
531 948 900 1000 βυσσοδομευόντα
932 949 979 989 δὲ
1003 950 1147 990 τοῦτον
1176 949 1458 1003 διαγινώσκων
1485 951 1553 992 ἀεὶ
1576 955 1667 993 κατ’

232 1014 367 1054 αὐτοῦ
407 1012 478 1054 καί
514 1011 592 1062 τοὶς
628 1011 809 1062 σπονδάς
836 1011 1199 1068 ἀναβαλλόμενον,
1230 1017 1316 1058 δεῖν
1341 1017 1551 1070 ε’λογιῖτατο
1578 1018 1667 1058 κατ’

230 1078 361 1119 αὐτοῦ
389 1076 618 1131 ἀξιόμαχον
646 1080 858 1132 ἐκπέμψαι
885 1077 1132 1132 παράταξιν.
1160 1079 1232 1122 τὸν
1267 1084 1458 1124 Τατίκιον
1485 1084 1544 1135 δέ,
1572 1079 1671 1137 περὶ

95 1146 137 1181 V·
156 1145 214 1192 137
229 1138 278 1186 οὗ
308 1145 351 1185 ἐν
378 1147 543 1193 πολλοῖς
571 1144 594 1184 ὅ
625 1141 744 1198 λόγος
769 1146 1000 1200 ἐμέμνητο,
1037 1144 1143 1198 μετὰ
1173 1145 1390 1200 δυνάμεως
1420 1146 1668 1204 ἀποχρώσης
1684 1149 1724 1191 15

227 1212 422 1266 πέπομφε
464 1209 566 1252 κατὰ
596 1212 670 1264 τῆς
699 1212 908 1265 Νικαίας,
945 1210 1230 1264 ἐντειλάμενος
1261 1208 1373 1270 αὖτῷ
1400 1212 1505 1266 μετὰ
1531 1229 1670 1256 νουνε-

227 1275 348 1330 χείας
374 1280 459 1324 τοῖς
487 1277 658 1331 ἐχθροῖς
686 1277 1053 1331 ἀντικαταστῆναι,
1090 1276 1134 1319 εἴ
1154 1293 1200 1331 γε
1228 1281 1331 1327 τέως
1357 1279 1542 1332 ἐντυχεῖν
1567 1277 1670 1331 ἔξω·

228 1344 304 1383 θὲν
331 1357 416 1384 τισι
445 1344 612 1396 γένοιτο.
668 1341 919 1392 ἀπελθόντος
953 1343 998 1383 δὲ
1015 1345 1092 1384 τοῦ
1115 1346 1311 1384 Τατικίου
1333 1342 1406 1386 καί
1431 1344 1564 1398 ἀγχοῦ
1586 1346 1670 1385 τῶν

230 1409 380 1460 τειχῶν
407 1410 551 1461 σχῆμα
581 1407 850 1463 παρατάξεως
880 1407 1214 1457 διατυπώσαντος
1232 1408 1302 1451 διὰ
1329 1410 1373 1451 τὸ
1402 1411 1562 1464 μηδένα
1586 1412 1669 1452 ’τῶν
1719 1454 1723 1459 ,

192 1466 196 1472 ’
236 1470 430 1527 Τούρκων
456 1475 680 1528 τηνικαῦτα
708 1480 922 1527 παρεῖναι,
968 1474 1297 1524 ἀναπετάσαντες
1332 1473 1370 1516 οἱ
1405 1478 1580 1529 Τοῦρκοι
1606 1477 1728 1524 elgae

184 1540 470 1587 Βδιακοσίους
507 1537 757 1591 ποσοιῖμενοι
798 1541 966 1592 α’θοόως
994 1545 1083 1581 κατ’
1113 1541 1244 1580 αὐτοῦ
1273 1542 1558 1590 εξιππασαντο.
1628 1555 1669 1583 οι

228 1606 274 1646 δὲ
300 1603 455 1646 Issam
481 1599 607 1660 (ἦσαν
634 1604 710 1660 γάρ
733 1603 886 1661 ἱκανοι)
917 1605 1087 1655 τούτους
1109 1603 1375 1660 θεασάμενοι,
1405 1622 1509 1648 κατα
1538 1605 1667 1662 πρόσ-

319 1722 351 1745 2.
375 1711 508 1754 ταύτην
533 1722 601 1744 om.
628 1710 671 1744 G.
777 1713 808 1746 5.
834 1723 895 1746 τεε
917 1713 1005 1750 τέως
1029 1711 1065 1745 C.
1173 1713 1345 1753 ἐξουσίαν
1369 1711 1406 1745 C.
1519 1713 1551 1746 8.
1574 1709 1665 1746 ἀλλὰ

317 1765 523 1816 προνομεῐς
547 1759 592 1800 C,
618 1758 694 1792 ἀλλ
720 1759 771 1796 εἰς
794 1771 990 1813 προνοιιας
1015 1759 1082 1791 PG.
1232 1762 1416 1795 Βιθυνίαν
1442 1758 1483 1791 G.
1615 1764 1664 1803 ¹4·

318 1805 555 1852 παράταξιντ
575 1804 786 1852 στράτευιια
813 1807 835 1838 Ρ
861 1807 898 1838 in
923 1806 1088 1849 margine.
1247 1817 1295 1850 ¹7·
1323 1809 1397 1852 εἴγε
1417 1809 1506 1844 τέως
1529 1806 1665 1846 ἔξωθέν

318 1863 396 1886 τισι
418 1853 607 1897 ἐντύχοιεν
637 1853 662 1885 C
698 1858 734 1885 et
767 1853 803 1885 in
828 1854 984 1897 margine
997 1831 1042 1887 r'P-
1177 1863 1231 1887 20.
1256 1859 1340 1898 post
1367 1852 1665 1891 ἀναπετάσαντες

324 1899 477 1933 exidisse
503 1899 646 1932 videtur
670 1911 736 1938 τας
758 1899 887 1939 adimes·

229 2001 307 2023 cum
333 1990 425 2024 hanc
447 1990 573 2024 urbem
599 1990 798 2032 obtineret,
824 1991 887 2023 ubi
917 1990 1023 2023 etiam
1048 1990 1274 2023 sultanieium
1299 1995 1393 2030 erat,
1421 1995 1457 2023 et
1479 1989 1575 2023 fratri
1600 2000 1663 2023 suo

229 2037 423 2071 I‘ulchasae
451 2037 711 2082 Cappadociam
752 2038 1004 2078 concessisset,
1042 2049 1184 2070 securus
1220 2041 1314 2078 erat,
1345 2037 1521 2070 sultanicii
1547 2036 1664 2080 digui-

227 2089 340 2117 tatem
367 2090 607 2117 assecuturum
644 2096 680 2117 se
713 2096 856 2130 sperans
882 2091 988 2129 atque
1025 2085 1063 2117 in
1086 2083 1250 2117 manibus
1281 2084 1350 2116 iam
1389 2089 1510 2116 tenere
1545 2090 1664 2117 ratus·

229 2131 347 2163 alacer
372 2132 467 2164 enim
496 2137 572 2164 erat
594 2138 702 2176 atque
723 2132 767 2164 ad
788 2132 944 2176 pericula
964 2137 1168 2176 promptus:
1196 2141 1313 2175 neque
1329 2141 1366 2163 se
1391 2129 1521 2163 finibus
1547 2141 1665 2163 rerum

229 2189 370 2211 suarum
393 2178 614 2219 continebat,
638 2178 701 2211 sed
724 2179 853 2220 missis,
883 2180 944 2223 qui
977 2178 1143 2222 praedam
1170 2189 1200 2209 a
1193 2182 1328 2221 δἐι-ειη,
1354 2177 1553 2219 Bithyniam
1582 2177 1665 2209 uni-

229 2236 364 2258 versnm
403 2225 690 2270 depopulabatur
720 2237 832 2271 usque
872 2225 916 2258 ad
946 2225 1054 2270 ipsam
1080 2224 1344 2269 Propontidem.
1379 2224 1506 2256 iisdem
1531 2223 1665 2268 igitur,

230 2282 338 2316 quam
375 2276 502 2313 antea,
537 2273 672 2305 artibus
707 2273 900 2317 imperator
930 2284 1037 2312 usus,
1072 2278 1108 2304 et
1139 2271 1367 2315 praedatores
1398 2270 1586 2315 repressit,
1626 2275 1664 2304 et

228 2318 523 2363 Apelchasemum
550 2319 595 2351 ad
621 2330 744 2364 pacem
771 2318 962 2352 ineundam
978 2318 1105 2361 adegit.
1122 2317 1182 2350 sed
1202 2329 1279 2350 cum
1295 2317 1516 2350 clandestina
1536 2316 1664 2349 adver-

229 2377 287 2398 sus
328 2375 366 2399 se
389 2366 539 2398 consilia
576 2377 657 2398 eum
690 2377 828 2411 semper
855 2366 988 2409 agitare
1016 2365 1233 2408 intelligeret
1265 2369 1302 2397 et
1326 2364 1452 2397 foedus
1474 2364 1664 2409 procrasti-

229 2422 336 2453 nare,
363 2412 520 2446 validum
552 2418 676 2445 contra
712 2425 790 2446 eum
818 2414 1010 2446 exercitum
1037 2411 1249 2445 mittendum
1274 2412 1421 2444 censuit.
1446 2411 1568 2456 itaque
1593 2410 1663 2443 Ta-

229 2459 375 2500 ticium,
400 2459 500 2492 cuius
527 2470 632 2514 saepe
658 2460 813 2492 narratio
841 2461 1057 2492 mentionem
1084 2459 1189 2498 fecit,
1217 2469 1294 2490 cum
1321 2458 1501 2502 copiarum
1525 2457 1558 2489 vi
1583 2457 1663 2489 ido-

228 2517 297 2538 nea
337 2485 501 2539 Nicaeam
535 2506 630 2539 misit
656 2507 927 2551 praecepitque,
964 2511 1004 2538 ut
1035 2511 1137 2538 caute
1174 2511 1281 2550 atque
1320 2504 1513 2549 prudenter
1542 2504 1670 2537 hostes·

227 2552 499 2597 aggrederetur,
529 2554 557 2586 si
592 2553 736 2598 quando
762 2553 1003 2595 contingeret,
1032 2558 1072 2585 ut
1108 2557 1205 2584 extra
1242 2551 1364 2584 urbem
1392 2550 1570 2596 aliquibus
1602 2561 1661 2583 oc-

227 2605 394 2633 curreret.
441 2600 611 2641 Taticius‚
637 2611 715 2632 cum
742 2610 782 2632 eo
810 2599 1010 2632 advenisset
1045 2605 1080 2632 et
1119 2600 1227 2631 aciem
1251 2600 1381 2640 muris,
1407 2598 1550 2631 nemine
1567 2597 1661 2630 Tur-

227 2657 347 2680 carum
391 2652 467 2680 tum
506 2646 695 2688 obstante,
717 2646 949 2686 admovisset,
991 2646 1146 2686 Tureno,
1192 2656 1339 2678 numero
1379 2644 1423 2678 ad
1466 2645 1662 2684 ducentos,

226 2694 337 2739 portis
363 2699 552 2740 erumpunt
576 2699 612 2728 et
636 2695 774 2739 agmine
800 2694 836 2726 in
862 2704 941 2726 eum
971 2692 1195 2726 invehuntur.
1223 2704 1310 2738 quos
1340 2691 1533 2738 conspicati
1550 2690 1659 2730 Galli,
