1754 3086
231 80 264 134 3
281 99 294 133 ι
310 79 344 145 4
700 99 896 140 ΑΝΝΛΕ·
923 99 1214 140 COMNENAE

97 205 132 238 P.
155 193 406 251 1773-aue50av
434 193 546 250 παρά
570 197 646 239 τοῦ
665 196 966 253 αὐτοκράτορος
990 197 1211 252 ἀπεστάλη,
1231 198 1305 251 τήν
1326 197 1520 252 δουκικὴν
1539 200 1658 249 ἐξου..

227 263 323 303 σίαν
350 259 574 315 Ἀγχιάλου
590 260 938 318 περιζωσάμενος,
967 265 1110 317 ἠνιᾶτο
1123 265 1194 303 καί
1219 258 1437 317 ἤσχαλλεν.
1467 265 1555 306 δεῖν
1583 267 1660 308 ου”ν

224 328 436 381 ἐλογίσατο
463 326 538 368 τὸν
551 329 776 380 Πουζάνον
794 324 922 377 αὖθις
939 326 1046 381 μετά
1063 329 1280 380 δυνάμεων
1296 328 1398 370 κατά
1421 331 1496 371 τοῦ
1513 330 1661 372 Ἀπελ-

221 391 370 447 χασημ
397 394 667 447 α’ποστεῐλαι,
708 391 798 446 ἅμα
837 395 883 435 δὲ
913 393 984 435 καί
1020 391 1124 447 πρὸς
1150 392 1220 436 τὸν
1248 393 1532 449 αὐτοκράτορα
1558 411 1662 451 γρα-

224 456 310 513 φήν
345 457 444 512 περὶ
479 460 555 499 τοῦ
592 459 726 501 αὐτοῦ
753 458 903 513 κη’ὃους
942 457 1311 511 διαλαμβάνουσαν
1339 460 1454 517 αὐτῷ
1479 461 1699 516 ἐγχειρί·5

223 539 309 566 σαι.
367 520 453 577 εἶχε
479 525 527 566 δὲ
553 523 606 567 τὰ
635 524 863 579 γράμματα
892 522 1036 572 οὕτως.
1110 523 1362 579 ῑίῆκηκόειν,
1391 521 1424 566 ὦ
1452 528 1632 578 βασιλεῦ’
1647 557 1659 575 ,

222 588 275 630 τά
304 589 408 631 κατὰ
445 590 494 631 σὲ
531 590 604 631 καί
635 588 749 639 ὅπως
787 588 860 644 τήν
887 592 962 643 τῆς
1004 592 1218 642 βασιλείας
1249 586 1560 645 οἷναδησάμενος
1587 591 1663 646 α’ρ-

221 654 328 709 χὴν,
355 656 400 697 ἑκ
426 659 649 710 προοιμίου
677 659 843 705 πολλοῖς
869 656 1025 709 α’γῶσιν
1064 656 1355 708 ἐμπέπτωκας,
1383 658 1456 698 καί
1481 653 1539 705 ὥς
1565 651 1664 711 ἄρτι

222 721 273 762 τά
304 719 407 762 κατὰ
435 719 535 770 τούς
561 722 779 769 Λατίνους
805 719 1154 773 κατευνάσαντος,
1193 719 1232 762 οἱ
1259 719 1424 762 Σκύθαι
1449 720 1552 764 κατὰ
1581 721 1663 764 σοῦ’

186 785 520 840 Βετοιμάζονται,
544 785 616 828 καί
655 785 782 835 αὐτὸς
821 785 843 826 ὅ
870 782 1006 840 Ἀμὴρ
1041 785 1312 840 Ἀπελχασὴμ
1343 784 1421 835 τὰς
1448 787 1554 839 μετὰ
1583 788 1727 832 σοῦ’-ιο

219 853 296 893 τοῦ
311 853 482 904 Σολυμᾶ
508 851 691 900 σπονδάς
718 848 967 903 καταλύσας,
997 852 1148 906 μέχρις
1178 851 1311 905 αὐτῆς
1333 850 1564 905 Δαμάλεως
1589 851 1664 908 τήν

213 913 364 960 Ἀσίαν
394 919 596 972 ληΐζεται.
668 919 709 960 εἰ
742 920 844 971 γοῦν
884 917 1028 970 βούλει
1067 918 1140 959 καί
1177 915 1250 959 τὸν
1284 916 1556 973 Ἀπελχασὴμ
1583 919 1665 961 τῶν

222 981 377 1024 αὐτόθι
401 985 539 1038 μερῶν
568 985 835 1037 ἀπελαθῆναι
868 984 938 1024 καί
975 982 1050 1039 τὴν
1077 982 1220 1026 Ἀσίαν
1250 982 1323 1026 καὶ
1348 982 1478 1039 αὐτὴν
1505 983 1556 1039 δὴ
1587 982 1664 1038 τὴν

222 1049 477 1103 Ἀντιοχειῖιν
507 1048 588 1090 aiud
619 1048 694 1104 τὴν
721 1049 798 1104 σὴν
822 1051 1018 1103 γενέσθαι
1043 1055 1192 1104 χεῖρα,
1224 1049 1470 1092 ἆπὸστειλόν
1498 1065 1572 1103 μοι
1593 1048 1668 1104 τὴν

221 1113 302 1169 σήν
319 1115 533 1170 θυγατέρα
560 1116 619 1165 εἰς
637 1113 808 1171 νύμφην
826 1113 930 1170 ἐμὴν
948 1116 1006 1172 τῷ
1023 1114 1270 1174 πρωτοτόκῳ
1298 1117 1379 1158 τῶν
1403 1117 1516 1169 ἐμῶν
1544 1114 1662 1157 υἱῶν.
1683 1120 1731 1162 15

221 1182 295 1222 καί
319 1182 395 1222 τοῦ
423 1181 573 1222 λοιποῦ
600 1181 722 1223 οὐδέν
750 1195 819 1222 σοι
846 1181 1004 1222 σκῶλον
1020 1178 1180 1234 ἔσεται,
1209 1180 1316 1223 α’λλὰ
1345 1179 1482 1223 πάντα
1510 1180 1665 1238 ῥᾳδίως

221 1247 387 1297 ἐξέσται
419 1262 485 1288 σοι
516 1246 670 1299 ἀνύειν,
701 1247 805 1299 ἐμοῦ
822 1261 888 1288 σοι
916 1247 1208 1302 έπαρὴγοντος,
1242 1247 1291 1288 οὖ
1319 1244 1425 1288 κατὰ
1453 1244 1530 1302 τὴν
1557 1244 1667 1304 ἑῴαν

221 1312 380 1365 μόνον,
409 1308 513 1353 ἀλλὰ
540 1314 692 1365 μέχρις
713 1312 945 1366 Ἰλλυρικοῦ
969 1311 1042 1354 καὶ
1066 1315 1140 1366 τῆς
1166 1310 1346 1368 ἑσπέρας
1374 1312 1565 1368 ἁπάσης,
1594 1311 1666 1354 διά

229 1376 448 1429 δυνάμεων
477 1378 834 1429 άποστελλομένων
864 1393 932 1420 σοι
957 1381 1059 1434 παρ’
1085 1379 1238 1432 ἧμῶν.”
1295 1377 1399 1420 α’λλὰ
1430 1380 1565 1420 ταῦτα
1590 1380 1669 1431 μὲν

225 1443 279 1484 τά
311 1443 415 1484 κατὰ
451 1445 535 1484 τῶν
561 1445 746 1498 ,Περσῶν
774 1444 971 1485 σουλτᾶν.
1041 1441 1065 1484 ὅ
1095 1445 1141 1486 δὲ
1171 1442 1392 1495 Πουζάνος
1425 1446 1554 1498 μέχρι
1584 1446 1663 1486 Νι·
1680 1463 1736 1490 20

189 1510 349 1557 Οκαιάς
377 1507 630 1562 καταλαβών
659 1511 732 1550 καί
760 1505 994 1562 ἀπόπειραν
1021 1509 1178 1564 ταύτης
1207 1510 1288 1563 οὐχ
1307 1507 1433 1562 ἅπαξ,
1463 1508 1570 1551 α’λλά
1597 1510 1670 1551 καὶ

227 1574 424 1624 πολλάκις
449 1574 727 1629 ποιησάμενος
749 1574 821 1616 καὶ
850 1574 1092 1630 διαμαρτών
1122 1577 1199 1617 τοῦ
1217 1577 1384 1629 σκοποῦ,
1411 1577 1488 1616 τοῦ
1513 1577 1668 1618 ’Λπελ-

325 1746 377 1768 ιο.
402 1732 422 1769 ὁ
449 1731 560 1773 αὖτός
586 1732 604 1769 ὁ
630 1733 711 1778 PG,
735 1738 831 1767 recte
857 1734 895 1767 C.
999 1735 1068 1768 σοῦ
1092 1745 1160 1767 om.
1191 1733 1261 1767 CG.
1385 1734 1435 1768 15.
1456 1732 1668 1779 προτοτόκῳ

321 1781 406 1822 PG,
433 1786 528 1815 recte
556 1781 595 1819 C.
718 1793 767 1826 ¹7·
791 1780 921 1818 ἀνύειν
948 1781 1089 1821 ἐξέσται
1113 1781 1239 1820 σοιῦ.

230 1920 307 1942 sum
334 1919 432 1950 esse,
461 1909 500 1942 in
526 1908 626 1943 ducis
650 1909 815 1942 Anchiali
839 1909 1049 1954 dignitatem
1081 1913 1260 1950 evectum,
1285 1908 1539 1953 indignabatur
1562 1912 1671 1954 atque

229 1966 333 2000 aegre
357 1955 508 1989 ferebat.
534 1956 657 2002 itaque
675 1957 852 1990 Puzanum
876 1968 994 1989 rursus
1019 1968 1096 1990 cum
1123 1957 1278 1989 exercitu
1305 1956 1472 1989 adversus
1494 1955 1671 2000 Apeleha-

229 2013 366 2042 semum
396 2002 636 2044 mittendum,
674 2004 854 2049 simulque
881 2003 1019 2037 litteras
1043 2003 1087 2036 ad
1111 2003 1358 2048 imperatorem
1387 2002 1502 2035 eidem
1525 2003 1671 2036 traden-

231 2049 293 2082 das
331 2050 479 2090 statuit,
510 2049 549 2083 in
582 2049 713 2095 quibus
745 2050 790 2083 de
830 2050 1003 2083 affinitate
1042 2061 1120 2082 cum
1147 2061 1188 2082 eo
1219 2048 1463 2091 coniungenda
1488 2048 1672 2092 agebatur.

230 2097 383 2141 scriptae
408 2101 525 2129 autem
550 2102 653 2130 erant
681 2097 721 2130 in
755 2097 852 2130 hunc
873 2097 1028 2130 modum.
1054 2102 1076 2117 “
1089 2096 1228 2136 audivi,
1258 2097 1469 2139 imperator,
1495 2095 1540 2128 de
1565 2095 1672 2128 rebus

230 2143 322 2182 tuis,
350 2148 392 2178 ut
416 2149 562 2188 accepto
587 2145 820 2181 Romanorum
849 2144 1019 2188 imperio,
1052 2143 1171 2176 statim
1198 2142 1242 2175 ab
1267 2142 1372 2175 initio
1397 2143 1434 2174 in
1458 2143 1571 2175 multa
1595 2154 1674 2175 cer-

230 2190 365 2223 tamina
389 2190 573 2231 incideris,
598 2196 712 2235 utque
736 2192 854 2236 sopito
876 2191 1004 2224 Latino
1029 2191 1196 2229 tumultu,
1222 2188 1373 2232 Scythae
1390 2195 1514 2221 contra
1538 2195 1574 2222 te
1592 2189 1671 2225 bel-

231 2237 307 2269 lum
331 2242 481 2281 parent,
519 2242 557 2270 et
591 2238 669 2282 ipse
693 2237 799 2270 Amer
833 2237 1064 2282 Apelcliasem
1099 2235 1265 2276 foedere,
1300 2234 1396 2280 quod
1425 2246 1505 2268 cum
1530 2235 1673 2279 Solyma

232 2283 302 2317 tibi
322 2289 423 2327 prat,
447 2282 586 2324 soluto,
605 2295 719 2328 usque
743 2284 789 2317 ad
824 2285 936 2329 ipsam
961 2284 1134 2316 Damalim
1157 2282 1274 2316 Asiam
1309 2287 1434 2315 vastet.
1461 2283 1489 2315 si
1515 2293 1597 2327 ergo
1621 2283 1674 2315 vis

234 2335 273 2363 et
295 2330 588 2375 Apelchasemum
613 2341 657 2363 ex
685 2331 763 2364 istis
789 2331 952 2375 partibus
977 2330 1120 2375 expelli,
1149 2335 1185 2362 et
1208 2330 1324 2362 Asiam
1349 2329 1534 2374 ipsamque
1548 2329 1674 2365 Antio—

235 2377 351 2410 chiam
376 2377 525 2422 imperio
549 2382 612 2411 tuo
643 2378 802 2418 restitui,
831 2379 935 2411 mitte
962 2383 1058 2412 tuam
1084 2376 1128 2409 ad
1162 2386 1220 2409 me
1245 2377 1374 2417 filiam,
1409 2387 1572 2421 sponsam
1596 2375 1672 2408 filio

235 2434 316 2456 meo
344 2429 432 2457 natu
454 2423 606 2462 maximo
638 2423 800 2469 mihique
824 2436 954 2463 nurum
978 2424 1144 2457 suturam.
1173 2423 1271 2467 quod
1309 2423 1337 2455 si
1363 2423 1506 2464 feceris,
1533 2422 1673 2455 nullum

235 2471 302 2504 tibi
328 2470 366 2503 in
389 2476 569 2516 posterum
592 2470 883 2515 impedimentum
919 2471 1094 2511 obstabit,
1130 2469 1192 2503 sed
1217 2470 1337 2502 omnia
1361 2470 1466 2502 facile
1490 2469 1676 2513 perficies,

235 2528 293 2550 me
321 2517 532 2558 adiuvante,
562 2528 635 2554 non
670 2528 735 2563 per
765 2519 939 2551 orientem
973 2518 1108 2557 solum,
1137 2515 1200 2550 sed
1225 2527 1338 2561 usque
1363 2517 1408 2548 ad
1432 2516 1613 2558 Illyricum
1637 2521 1675 2548 et

235 2563 461 2598 occidentem
494 2563 698 2598 universnm
714 2590 722 2604 ,
753 2564 889 2596 auxilio
923 2575 1005 2596 usus
1031 2564 1233 2607 copiarum,
1260 2575 1348 2607 quas
1371 2562 1438 2596 tibi
1465 2563 1674 2598 mittemus?

234 2610 324 2643 haec
348 2611 458 2654 igitur
482 2611 662 2644 Persarum
687 2611 856 2644 sultanus.
904 2610 1064 2643 Puzanus
1096 2616 1214 2643 autem
1229 2635 1237 2649 ‚
1265 2609 1416 2643 admotis
1440 2609 1592 2643 Nicaeae
1615 2619 1676 2640 co-

235 2658 304 2702 piis
343 2657 504 2704 urbeque
537 2658 664 2691 iterum
701 2663 809 2704 atque
835 2658 975 2703 saepius
1007 2658 1136 2691 frustra
1160 2663 1315 2698 tentata,
1338 2668 1418 2690 cum
1439 2655 1673 2702 Apelchasem
