1754 3086
226 109 242 140 ι
257 91 333 153 &lt
692 105 876 147 ANNAE
916 105 1212 148 commu

215 205 328 252 τέλος
348 203 392 244 ἐκ
411 204 574 258 πρώτης
590 204 822 260 οἷφετηρίας
845 205 922 246 οῦκ
947 205 1124 258 εὐτυχὲς
1161 202 1532 257 παραδεικνόονιος
1566 196 1707 263 ἧδημξ

217 267 268 309 τά
294 271 372 320 μὲν
404 263 480 310 οὖν
509 270 592 309 τῶν
617 269 771 311 πλοίων
796 269 875 311 σύν
904 270 1049 318 αὐτοῖς
1077 270 1290 322 πλωτῆρσι
1323 268 1625 320 κατεποντίσθη
1642 298 1655 316 ,

214 333 268 375 τά
302 336 347 374 δὲ
373 339 465 382 ταῖς
495 332 640 383 ἀκταῖς
665 335 1020 390 προσαραχθέντα
1059 335 1346 388 συνεθλάσθη.
1402 334 1486 374 τῶν
1514 332 1561 374 δὲ
1586 346 1658 372 πε·
1679 326 1711 382 3³

215 401 518 452 ριστελλουσῶν
545 401 645 450 τοὺς
672 398 855 455 πύργους
880 402 1051 454 βυρσῶν
1091 399 1172 440 ὑπὸ
1202 402 1279 441 τοῦ
1306 398 1435 440 ὑετοῦ
1460 400 1659 452 χαλαρω·
1686 390 1709 452 ‘f

213 467 346 519 τέρων
381 469 627 520 γεγονυιῶν,
657 466 699 508 οἳ
723 482 769 508 τε
798 461 893 521 ἧλοι
931 468 1014 508 τῶν
1058 466 1218 507 οἰκείων
1245 464 1381 506 τόπων
1408 465 1655 518 ἐξέστησαν,

100 540 141 574 V.
157 542 199 574 δα
214 533 288 572 καί
314 528 358 572 τὸ
403 533 602 574 ἐντεῦθεν
635 531 679 574 αἱ
723 534 880 587 βύρσαι
913 531 1042 585 βάρος
1077 533 1294 587 εἰληφυῖαι
1331 530 1428 580 τοὺς
1468 530 1658 580 ξυλίνους
1686 522 1713 581 ,·ῥ’,;

212 597 395 647 ἐκείνους
426 596 610 652 πύργους
644 596 752 652 ταχύ
799 601 1100 653 περιέτρεψαν,
1137 596 1210 637 καί
1232 597 1560 650 καταρραγέντες
1583 592 1657 644 τὰς

212 665 320 712 ναῦς
353 664 601 709 κατέδυσαν.
659 662 705 705 τὸ
743 665 789 705 δέ
807 679 852 718 γε
880 663 1057 719 σκάφος,
1089 664 1135 705 ἐν
1163 656 1199 720 a}
1222 660 1243 702 ὃ
1269 659 1519 715 Ῥομπέρτος
1546 661 1656 716 ένῆν,
1693 673 1718 721 j

212 726 506 783 ἦμίθραυστον
535 728 701 784 γεγονὸς
730 730 849 784 μόγις
876 728 1076 784 διεσώθη·
1134 727 1398 783 διεσώθησαν
1425 727 1471 768 δὲ
1497 726 1575 768 καί
1594 743 1655 768 τι·
1692 722 1719 786 {2⁴

212 810 279 844 νες
306 798 389 837 τῶν
417 793 607 838 ὁλκάδων
635 795 714 838 σὺν
731 802 818 846 τοῖς
843 798 1059 851 πλωτῆρσι
1087 793 1346 850 παραδόξως.
1375 791 1553 843 πολλοὺς
1578 795 1656 846 μὲν

98 866 136 900 Ρ.
151 876 198 911 99
212 856 287 902 οὖν
314 858 339 916 ἦ
363 859 556 903 θάλαττα
589 862 884 915 α’ποπτύσασα,
915 863 990 902 οὐκ
1018 861 1138 915 ὀλίγα
1168 862 1213 903 δὲ
1237 858 1442 918 βαλάντια
1469 860 1542 901 καί
1567 855 1657 901 ἄλλ’

209 922 315 968 ἅττα
337 928 381 978 ἐξ
405 921 463 969 ὧν
491 925 538 968 τὸ
556 925 750 970 ναυτικὸν
764 930 838 970 τοῦ
856 927 1110 982 Ῥομπέρτου
1129 927 1444 982 συνεπεφέρετο,
1470 927 1568 979 περὶ
1579 924 1656 980 τήν

208 990 388 1045 ψάμμον
407 995 684 1048 κατέστρωσε.
711 991 810 1042 τοὺς
827 993 968 1046 μέντοι
981 991 1153 1047 νεκροὺς
1172 991 1209 1034 οἱ
1222 994 1428 1041 σωθέντες
1441 993 1656 1048 περιστέλ·

209 1062 346 1107 λοντες
371 1056 580 1109 ἔθαπτον,
612 1059 840 1100 κάντεῦθεν
882 1059 1034 1114 πολλῆς
1063 1060 1136 1113 τῆς
1169 1059 1214 1100 ἑκ
1244 1054 1404 1100 τούτων
1444 1058 1656 1108 δυσωδίας
1698 1063 1711 1112 3³

208 1126 510 1177 ἐμπιμπλαντο.
538 1126 591 1165 ου’
605 1122 684 1178 γάρ
703 1125 800 1179 ὲνῆν
815 1125 957 1174 αὐτοῖς
983 1122 1206 1173 τοσούτους
1222 1120 1378 1180 ῥᾳδίως
1396 1122 1652 1178 ἐνσοριάσαι.
1686 1135 1691 1174 ζ

207 1191 292 1231 τῶν
319 1185 394 1232 οὖν
422 1191 633 1244 έδακῖιζαων
663 1189 858 1232 ἁπάντων
885 1191 1218 1245 ἀφανισθέντων,
1248 1190 1362 1243 τάχα
1392 1183 1444 1231 ἂν
1471 1191 1544 1231 καί
1571 1187 1652 1230 ὑπὸ
1690 1203 1699 1223 ‘-

207 1257 335 1309 λιμοῦ
361 1254 658 1312 διεφθάρησαν
702 1255 741 1298 οἱ
772 1258 876 1305 τέως
905 1258 1136 1310 σωθέντες,
1164 1258 1204 1298 εἰ
1228 1253 1285 1310 μη
1315 1254 1366 1296 τοὶ
1395 1252 1493 1310 λη’ῖα
1519 1256 1653 1299 πάντα

206 1321 281 1363 καὶ
307 1320 346 1364 οἱ
374 1318 499 1378 οἷγροί
527 1325 599 1364 καί
627 1321 666 1364 οἱ
694 1324 816 1377 κῆποι
841 1329 928 1371 τοῖς
953 1328 1126 1377 καρποῖς
1154 1320 1338 1376 ἔβριθον.
1393 1319 1546 1363 συνετὰ
1573 1323 1654 1374 μὲν
1697 1341 1699 1343 ¹

206 1383 282 1430 οὖν
308 1389 444 1430 ταῦτα
474 1383 583 1443 ἦσαν
610 1388 714 1430 πᾶσι
740 1393 825 1439 τοῖς
849 1390 1078 1444 φρονοῦσιν
1098 1388 1256 1444 ὀρθῶς,
1284 1386 1356 1430 τὸν
1382 1388 1430 1430 δὲ
1454 1387 1653 1440 Ῥομπέρ-
1679 1407 1695 1426 Δ.

166 1463 275 1495 Βτον
303 1454 429 1495 οῦδὲν
455 1455 538 1496 τῶν
565 1455 794 1509 γεγονότων
826 1453 971 1511 ἐφόβει
981 1486 995 1508 ,
1041 1452 1366 1509 οἶκαταπτοήτως
1398 1451 1551 1508 ἔχοντα
1583 1455 1655 1497 καί
1664 1464 1703 1506 αὴ

298 1578 331 1622 4.
357 1572 432 1612 ἀπὸ
459 1577 531 1610 GA.
626 1579 657 1613 5.
680 1576 807 1613 τόπων
832 1591 840 1612 :
866 1575 1059 1626 ἁρμονιῶν
1083 1578 1122 1611 A.
1245 1580 1278 1615 8.
1302 1588 1346 1624 γε
1372 1589 1439 1611 om.
1466 1578 1507 1611 A.
1617 1589 1650 1623 9.
1697 1582 1704 1591 ·¹

299 1624 541 1667 διεσώθησαν
565 1625 610 1666 Α,
636 1625 837 1669 ἐσώθησαν
862 1626 928 1658 PG.
1071 1636 1121 1660 ιι.
1147 1618 1215 1659 οὖν
1239 1635 1304 1658 om.
1331 1624 1371 1657 A.
1486 1623 1652 1660 θάλαττα
1698 1635 1703 1645 ’·

299 1671 338 1711 C,
363 1672 543 1706 θάλασσα
568 1671 671 1709 PGA.
769 1671 1017 1707 ἀποπτύουσα
1029 1671 1100 1713 CG,
1127 1670 1379 1707 ἇποπτύσασα
1396 1672 1464 1705 ΡΑ.
1559 1671 1651 1706 ἄλλα
1705 1678 1708 1682 ’

298 1714 344 1752 τοὶ
362 1719 458 1760 libri,
484 1719 634 1753 correxi.
736 1730 785 1754 ια.
811 1723 1045 1765 κατέστρωσε
1066 1722 1152 1765 περὶ
1175 1717 1240 1762 τὴν
1265 1719 1426 1767 ψάμμον
1450 1719 1494 1754 G.
1599 1721 1649 1754 13.

294 1767 591 1811 περιστείλαντες
615 1767 768 1812 ἔθαψαν
790 1766 830 1800 Α.
998 1767 1047 1801 ι5.
1073 1767 1274 1803 ἐπίπλαντο
1308 1768 1349 1801 A.
1386 1766 1463 1811 lege
1499 1765 1650 1813 ἐνεπίμ-

293 1814 445 1848 πλαντο.
605 1811 842 1861 ἐνσωριάσαι
865 1813 946 1855 PG,
971 1819 1067 1847 recte
1093 1813 1159 1846 CA.
1327 1816 1378 1848 16.
1402 1812 1506 1848 ἐδοδί
1535 1826 1588 1849 ων
1611 1813 1648 1845 Ρ.
1707 1853 1708 1856 ¹

291 1860 450 1897 πάντων
478 1860 521 1896 Α.
635 1859 714 1907 τάχ’
740 1858 788 1897 ἂν
810 1861 850 1896 Α.
943 1863 1008 1895 καὶ
1032 1871 1103 1896 om.
1129 1860 1172 1894 G.
1276 1871 1328 1906 ¹9·
1350 1864 1447 1895 πᾶσι
1469 1872 1489 1893 a
1519 1859 1552 1894 d.
1579 1859 1648 1894 CA.
1698 1866 1710 1903 ;3

198 1971 348 2006 Roberti
376 1973 633 2015 insolentiam,
660 1979 698 2008 et
725 1975 858 2008 exitum
884 1975 963 2020 ipso
987 1974 1166 2020 principio
1201 1985 1274 2007 non
1307 1973 1448 2007 felicem
1476 1972 1554 2006 fore
1578 1973 1648 2006 iam
1699 1991 1701 1994 <

198 2020 432 2064 significante.
453 2022 596 2054 navium
610 2022 703 2055 aliae
725 2034 803 2056 cum
828 2023 914 2067 ipsis
938 2021 1140 2055 vectoribus
1155 2021 1243 2054 mari
1258 2020 1528 2061 hauriebantur,
1556 2019 1648 2054 aliae
1706 2018 1707 2022 ¹

197 2067 312 2100 littori
341 2067 457 2100 illisae
485 2068 753 2113 frangebantur.
776 2070 880 2102 coriis
910 2074 1051 2110 autem,
1077 2079 1168 2114 quae
1192 2074 1307 2101 turres
1331 2066 1512 2112 tegebant,
1537 2067 1649 2112 magis
1692 2070 1694 2072 ’

196 2114 383 2158 magisque
426 2115 540 2148 imbre
576 2116 722 2158 laxatis,
760 2117 850 2149 clavi
875 2116 965 2148 locis
1004 2116 1076 2148 suis
1101 2114 1326 2153 excidebant,
1352 2119 1388 2147 et
1423 2113 1544 2156 coria,
1575 2115 1647 2148 iam
1690 2133 1694 2141 ·

195 2160 342 2205 pondus
366 2167 495 2203 nacta,
531 2162 637 2196 facile
672 2163 883 2196 evertebant
919 2163 1056 2207 ligneas
1081 2162 1166 2195 istas
1194 2167 1328 2203 turres3
1368 2171 1518 2205 quarum
1543 2161 1647 2195 ruina
1699 2170 1702 2171 ’

197 2219 303 2240 naves
333 2208 431 2253 ipsae
456 2208 660 2242 submersae
688 2216 783 2244 sunt.
808 2210 1007 2254 navigium,
1042 2220 1114 2254 quo
1143 2208 1318 2241 Robertus
1341 2206 1563 2248 vehebatur,
1589 2219 1647 2242 se·-

195 2254 397 2288 mifractum
423 2255 483 2288 vix
508 2263 685 2290 servatum
725 2263 797 2299 est;
829 2262 988 2290 servatae
1016 2267 1159 2301 quoque
1183 2260 1267 2288 sunt
1291 2255 1476 2288 onerariae
1505 2254 1648 2301 aliquot
1707 2272 1709 2274 ·

194 2313 304 2335 naves
329 2313 408 2334 cum
432 2303 633 2336 vectoribus
659 2310 799 2348 praeter
823 2304 1137 2348 exspectationem.
1162 2302 1293 2335 multos
1317 2312 1412 2334 mare
1436 2302 1554 2342 eiecit,
1579 2313 1647 2336 nec

194 2360 309 2394 pauca
345 2349 527 2393 marsupia
563 2356 599 2383 et
623 2351 694 2383 alia
729 2350 905 2396 quaedam
931 2349 975 2383 de
1010 2351 1077 2391 iis,
1106 2360 1198 2394 quae
1233 2347 1405 2381 classiarii
1437 2359 1556 2382 secum
1589 2354 1644 2383 at·
1700 2366 1701 2369 ¹

195 2396 374 2437 tulerant,
397 2396 436 2428 in
462 2396 586 2430 littore
611 2398 749 2442 sparsit.
776 2403 934 2431 mortuos
954 2397 1020 2430 rite
1038 2396 1272 2441 sepelierunt,
1298 2396 1361 2440 qui
1376 2396 1505 2428 servati
1531 2401 1644 2439 erant3

196 2442 296 2487 quod
327 2442 410 2475 dum
443 2442 600 2484 faciunt,
637 2445 751 2478 multo
798 2445 1009 2478 cadaverum
1051 2443 1189 2476 foetore
1226 2442 1490 2488 implebantur3
1524 2453 1644 2488 neque

196 2490 290 2522 enim
315 2490 479 2523 celeriter
507 2495 608 2524 tanto
636 2502 784 2524 numero
819 2491 957 2524 humari
981 2495 1158 2536 poterant.
1211 2501 1290 2522 cum
1319 2495 1440 2523 autem
1467 2500 1642 2523 commea-

194 2542 254 2569 tus
279 2537 394 2570 omnis
418 2537 505 2570 mari
528 2537 711 2571 absumtus
747 2544 862 2579 esset,
899 2549 972 2570 non
998 2537 1150 2571 multum
1178 2536 1308 2577 abfuit,
1335 2537 1423 2582 quin
1449 2536 1557 2569 etiam
1582 2548 1642 2569 su·
1700 2535 1701 2538 ’

193 2584 361 2628 perstites
398 2583 491 2617 fame
515 2585 697 2630 perirent,
726 2585 797 2618 nisi
825 2591 961 2628 segetes
998 2595 1122 2617 omnes
1149 2589 1186 2617 et
1209 2585 1280 2628 agri
1299 2589 1335 2616 et
1357 2583 1452 2616 horti
1479 2583 1640 2628 frugibus

194 2631 315 2663 onusti
340 2631 503 2664 fuissent.
541 2630 610 2664 hoc
634 2632 870 2665 infortunium
898 2631 983 2676 quid
1009 2631 1242 2675 significaret,
1277 2630 1382 2663 facile
1410 2641 1551 2671 omnes,
1575 2631 1638 2676 qui

194 2682 362 2723 sapei-eut
378 2701 389 2720 ,
417 2677 690 2724 intelligebant3
717 2684 754 2714 at
784 2678 978 2713 Robertuin
1009 2678 1110 2718 *nihil
1135 2689 1280 2719 eorum,
1303 2687 1397 2724 quae
1421 2677 1636 2719 acciderant,
