1754 3086
231 77 264 131 3
277 98 299 131 2
312 97 340 130 2
674 90 856 132 ANNAE
903 88 1194 132 comm-,Nm

228 209 311 236 των
339 189 494 245 ἄνδρας
524 187 833 246 τειχεσιπλήτας
865 188 937 232 καί
975 185 1291 245 φιλοκινδύνους
1327 186 1428 228 caasa·
1452 187 1659 240 τριακοσί-

229 274 302 308 ους
346 256 451 299 κατιὶ
490 258 566 299 τοῦ
596 258 872 310 Ποιμανηνοῦ
910 256 1204 305 ἐξαπέστειλεν.
1272 253 1314 294 οἳ
1336 254 1408 293 καί
1432 252 1474 301 ἑξ
1500 249 1656 306 ἐφόδου

191 325 349 365 crosno
374 324 598 375 κατέσχον,
642 323 715 362 καί
751 320 849 370 τοὺς
876 323 952 373 μὲν
981 321 1062 360 τῶν
1090 317 1204 367 ἐντὸς
1234 318 1383 359 τούτου
1416 313 1550 357 αὐτοῦ
1575 331 1658 356 που

227 390 455 440 κτείνουσι,
486 385 581 436 τούς
621 388 668 428 δὲ
693 388 764 429 καί
800 386 978 440 ζωγρίαν
1009 382 1114 439 πρὸς
1136 383 1208 426 τὸν
1227 379 1351 425 Ὧπον
1377 379 1655 438 πεπομφασιν.
1710 437 1714 440 q

229 452 251 494 ὅ
280 455 326 496 δὲ
355 454 509 495 θᾶττον
552 452 725 502 τούτους
754 452 857 505 πρὸς
885 451 952 492 τὸν
992 451 1166 503 βασιλέα
1193 451 1475 505 ἐκπέπομφεν·
1529 446 1694 498 αὖτόςὸ

228 522 276 562 δὲ
301 521 457 562 ἐκεῖθεν
483 517 661 571 α’πάρας,
690 516 766 573 τήν
789 516 1104 560 Ἀπολλωνιάδα
1130 511 1452 566 καταλαμβάνει,
1480 516 1554 556 καί
1583 529 1658 555 πο·

227 586 403 639 λιορκῶν
439 585 590 638 ταύτην
627 585 703 624 ov’n
743 582 942 624 ἐνεδίδου.
1018 580 1038 622 ὃ
1073 581 1119 622 δὲ
1156 575 1352 634 Ἐλχάνης
1402 574 1657 635 ἀποχρῶσαν

228 648 386 704 α’πάρτι
413 648 513 704 πρὸς
540 646 664 691 αὐτὸν
692 647 747 702 ptr)
779 647 887 701 ἔχων
918 647 1112 699 δύναμιν,
1144 643 1219 699 τήν
1243 646 1320 698 μὲν
1345 645 1465 686 πόλιν
1492 646 1659 686 ἐθελον-

227 714 300 771 τὴς
327 715 638 771 παραδίδωσιν,
682 710 809 761 αὐτὸς
849 715 892 754 δὲ
935 710 1035 764 μετὰ
1073 712 1155 753 τῶν
1181 713 1274 752 καθ’
1301 706 1408 763 αἷμα
1433 710 1658 766 προσηκόν-

226 797 309 822 των
336 782 562 832 αὐτομολεῖ
585 778 685 833 πρὸς
703 777 775 820 τὸν
804 781 981 831 βασιλέα
1010 778 1082 818 καί
1107 779 1270 830 μυρίων
1297 777 1374 828 μὲν
1402 774 1658 818 ἐπαπολαύει
1676 784 1723 812 ¹⁰

226 847 405 900 δωρεῶν,
437 844 629 900 τυγχάνει
662 846 707 885 δὲ
734 844 806 885 καί
832 845 905 885 τοῦ
932 844 1151 897 μεγίστου,
1179 843 1256 884 τοῦ
1282 842 1403 896 ἁγίου
1434 843 1547 897 φημί
1570 857 1660 897 φω·

182 911 437 963 Βτίσματος.
493 910 641 952 ὁπόσοι
669 911 714 951 δὲ
745 911 1005 962 συνέψεσθαι
1039 909 1093 965 τῷ
1115 904 1230 965 ’Ώπῳ
1259 909 1335 949 ουίι
1362 903 1536 963 ἤθελον,
1573 903 1597 947 ὅ
1614 921 1659 948 τε

225 975 474 1030 Σκαλιάριος
502 975 574 1017 καί
599 973 620 1016 ὅ
651 976 693 1016 ἐν
722 973 908 1029 ὑστέροις
938 973 1325 1029 ὖπερπερίλαμπρος
1349 974 1537 1028 τιμηθείς
1554 976 1607 996 **
1625 976 1658 1024 *‚

224 1041 563 1095 (ἄρχισατράπαι
591 1041 636 1082 δὲ
665 1039 736 1081 καί
765 1036 876 1081 οὗτοι
892 1042 973 1081 τῶν
997 1041 1244 1095 ἑπιφανῶν,)
1267 1038 1468 1092 μαθόντες
1499 1036 1574 1087 τὰς
1603 1039 1662 1087 εἷς

221 1105 293 1148 τὸν
307 1104 505 1159 Ἐλχάνην
532 1105 849 1161 φιλοφροσύνας
868 1106 941 1146 καί
968 1107 1159 1158 δαψιλεῖς
1181 1102 1340 1158 δωρεὰς
1367 1105 1444 1146 τοῦ
1459 1103 1660 1158 αιῗτοκρά·
1677 1102 1729 1144 ¹5

221 1187 355 1227 τορος,
369 1171 724 1224 προσεληλυθότες
738 1169 811 1212 καί
829 1170 958 1224 αὐτοί,
973 1173 1054 1212 τῶν
1078 1169 1351 1224 ἱμειρομένων
1368 1168 1662 1223 ἐπιτυγχάνου-

222 1252 301 1279 σιν.
330 1232 379 1292 ἦν
400 1234 480 1291 γάρ
501 1234 522 1276 (i
543 1236 742 1288 βασιλεὺς
770 1231 886 1284 οὗτος
911 1232 1105 1289 ἄντικρυς
1133 1232 1464 1287 ἱερατικαῖτατος,
1492 1233 1565 1276 καὶ
1587 1232 1664 1290 τὴν

222 1299 376 1356 ἀρετὴν
396 1302 468 1342 καί
481 1299 554 1342 τὸν
578 1300 713 1355 λόγον,
742 1298 799 1349 ὥς
830 1303 970 1353 εἰπεῖν,
1001 1301 1214 1354 εὐσεβείας
1243 1300 1404 1355 ἁπάσης
1432 1298 1663 1354 ἀρχιερεύς.

221 1365 625 1416 διδασκαλικώτατός
644 1383 688 1408 τε
723 1366 799 1421 γὰρ
829 1361 881 1422 ἢν
898 1370 975 1408 τοῦ
1000 1364 1196 1422 ἦμετέρου
1227 1365 1432 1419 δόγματος
1461 1367 1533 1407 καί
1559 1366 1663 1407 cino-

222 1430 411 1480 στολικὸς
438 1449 514 1486 την
541 1435 784 1487 προαίρεσιν
813 1435 885 1473 καί
913 1431 983 1474 τὸν
1010 1432 1150 1485 λόγον,
1188 1433 1261 1472 καί
1285 1430 1383 1473 εἴσω
1411 1433 1484 1485 τῆς
1514 1430 1657 1485 ἧμετὲ-
1671 1441 1724 1470 20

85 1499 127 1532 V·
149 1500 208 1544 ¹45
222 1514 297 1552 ρας
337 1496 512 1546 πίστεως
540 1500 708 1552 ποιῆσαι
749 1499 995 1551 βουλόμειός
1026 1498 1079 1538 ου’
1101 1497 1224 1549 μόνον
1245 1496 1342 1546 τούς
1359 1495 1543 1550 νομάδας
1563 1512 1660 1538 του-

95 1561 342 1604 1)-182τουσί
367 1561 549 1615 Σκύθας,
582 1562 686 1604 ἄλλα
717 1563 789 1604 καί
819 1562 892 1619 τὴν
921 1565 1116 1618 Περσίδα
1145 1565 1282 1604 πᾶσαν
1308 1565 1381 1604 καὶ
1409 1561 1554 1604 ὁπόσοι
1583 1562 1659 1617 τήν

318 1692 349 1714 2.
374 1680 622 1728 Ποιμανηκοῦ
646 1680 687 1714 G.
807 1682 837 1724 4.
863 1683 923 1714 καὶ
952 1692 1019 1713 om.
1045 1681 1086 1713 G.
1206 1682 1241 1714 8.
1265 1677 1314 1727 μὴ
1343 1680 1437 1725 ἔχων
1463 1676 1561 1725 πρὸς
1585 1679 1658 1714 αὗ-

311 1720 378 1761 τὸν
403 1727 445 1760 G.
546 1739 594 1760 ιι.
618 1731 871 1774 βαπτίσματος
895 1727 964 1760 CG.
1033 1728 1081 1760 13.
1108 1727 1304 1772 σκαλιάρης
1329 1727 1400 1761 cti.
1467 1730 1655 1773 τιμηθεὶςε

311 1773 473 1806 lacunam
500 1774 665 1807 indicavi.
831 1778 879 1817 ¹4·
912 1778 973 1808 καὶ
1005 1774 1086 1809 add.
1113 1774 1150 1807 C.
1299 1773 1550 1821 μεμαθηκότες
1572 1775 1597 1807 P
1619 1775 1656 1806 in

310 1821 479 1864 margine.
625 1823 675 1855 16.
700 1821 945 1867 ἶμειρομένων
979 1821 1004 1854 C
1030 1827 1068 1855 et
1100 1821 1138 1854 in
1169 1821 1331 1865 margine
1354 1821 1396 1863 P,
1423 1820 1564 1868 ὁμοίων
1585 1820 1654 1854 PG.

219 1937 288 1982 piis
313 1938 382 1971 suis
417 1938 510 1972 viros
555 1939 628 1972 fere
660 1936 859 1981 trecentos⁷
894 1940 1155 1973 munitionibus
1191 1939 1359 1974 accedere
1381 1943 1523 1986 paratos
1549 1943 1656 1985 atque

219 1983 264 2017 ad
291 1984 452 2028 pericula
479 1992 684 2030 promptos,
723 1986 888 2020 adversus
917 1989 1175 2020 l'oemanenum
1207 1988 1323 2030 misit3
1362 1998 1430 2032 qua
1457 1997 1535 2019 arce
1560 1986 1658 2019 illico

218 2037 412 2075 occupata,
439 2032 501 2076 qui
525 2032 620 2065 intus
649 2039 749 2066 erant
773 2035 900 2078 partim
936 2034 1168 2073 trucidantur,
1198 2035 1326 2078 partim
1354 2034 1447 2078 capti
1476 2033 1521 2065 ad
1543 2033 1658 2077 Opum

216 2077 427 2118 1nittuntur3
471 2077 529 2110 hic
566 2079 611 2112 ad
636 2081 887 2124 imperatorem
926 2082 1091 2113 celeriter
1114 2092 1173 2113 eos
1200 2082 1304 2114 misit.
1330 2081 1405 2125 ipse
1430 2080 1514 2112 inde
1539 2080 1661 2124 profe-

218 2130 313 2165 ctus,
345 2125 623 2169 Apolloniadem
656 2128 821 2171 pervenit
850 2139 999 2172 eamque
1026 2128 1147 2160 urbem
1183 2127 1372 2160 obsidione
1398 2127 1552 2159 clausam
1577 2131 1661 2159 ten-

217 2175 294 2202 tare
316 2181 389 2203 non
413 2170 562 2204 destitit.
612 2173 807 2214 Elehanes,
833 2174 1085 2207 deficientibus
1111 2181 1184 2207 tum
1212 2174 1357 2219 quidem
1394 2174 1527 2218 copiis,
1553 2173 1659 2217 oppi-

219 2216 303 2249 dum
329 2217 422 2250 ultro
445 2218 594 2252 tradidit
613 2226 721 2264 atque
742 2232 811 2253 una
827 2232 902 2254 cum
921 2222 1189 2264 consanguineis
1204 2221 1248 2253 ad
1274 2222 1519 2265 imperatorem
1544 2225 1661 2252 trans·

218 2264 272 2297 iit.
312 2273 333 2295 a
371 2275 441 2309 quo
480 2275 558 2297 cum
593 2267 663 2298 alia
699 2268 904 2308 innumera,
933 2275 1006 2302 tum
1045 2268 1142 2312 quod
1175 2269 1362 2300 maximum
1403 2273 1476 2307 est,
1503 2272 1660 2299 sanctam

219 2311 394 2355 evangelii
433 2311 549 2344 lucem
589 2315 830 2358 consequitur.
865 2317 926 2360 qui
960 2315 1075 2359 Opuin
1112 2315 1211 2360 sequi
1238 2315 1443 2354 noluerant,
1470 2314 1659 2346 Scaliarius

218 2362 255 2389 et
279 2358 340 2402 qui
367 2363 493 2402 postea
518 2359 837 2405 hyperperilampri
862 2363 886 2396 i.
906 2373 935 2394 e.
961 2362 1144 2394 clarissimi
1171 2362 1278 2395 titulo
1303 2366 1447 2394 ornatus
1473 2366 1526 2393 est
1542 2361 1558 2377 *
1581 2361 1597 2376 ¹*
1620 2361 1658 2399 *‚

218 2404 491 2448 (archisatrapae
516 2405 555 2438 hi
580 2417 722 2451 quoque
750 2414 850 2440 erant
877 2419 918 2441 ex
956 2408 1170 2454 illustribus)
1195 2420 1272 2440 cum
1300 2408 1501 2447 audissent,
1525 2411 1658 2452 quanta

217 2450 438 2484 humanitate
463 2463 503 2485 ac
541 2454 784 2486 munificentia
822 2455 865 2486 ab
907 2456 1119 2499 imperatore
1159 2461 1325 2500 exceptus
1350 2454 1522 2500 Elclxanes
1547 2458 1658 2494 esset,

217 2503 443 2531 accesserunt
470 2503 507 2531 et
529 2499 596 2543 ipsi
621 2505 656 2532 et
674 2511 765 2544 quae
792 2502 928 2534 vellent
953 2503 1134 2534 consecuti
1160 2508 1251 2535 sunt.
1279 2502 1412 2547 quinpe
1437 2506 1512 2533 erat
1541 2501 1660 2544 impe-

218 2550 312 2577 rator
339 2545 635 2588 religiosissimus,
662 2552 769 2592 atque.
795 2549 925 2580 virtuto
952 2554 986 2579 et
1011 2549 1223 2591 cognitione,
1250 2554 1287 2581 ut
1317 2550 1365 2581 ita
1390 2548 1516 2586 dicam,
1543 2547 1658 2579 omnis

216 2591 364 2634 pietatis
390 2592 552 2626 sacerdos
577 2605 743 2626 summus.
770 2595 1012 2638 paratissimus
1039 2595 1131 2627 idem
1151 2595 1195 2627 ad
1219 2594 1500 2640 praecipiendum
1532 2593 1658 2637 dogma

217 2643 387 2679 nostrum,
413 2644 522 2685 atque
546 2640 763 2685 apostolicus
778 2647 815 2674 et
839 2641 1024 2677 voluntate
1040 2648 1075 2675 et
1102 2644 1272 2684 oratione,
1290 2642 1374 2675 fidei
1402 2647 1544 2675 nostrae
1571 2650 1656 2672 con-
