<?xml version="1.0" encoding="UTF-8"?>
<!DOCTYPE html PUBLIC "-//W3C//DTD XHTML 1.0 Transitional//EN"
    "http://www.w3.org/TR/xhtml1/DTD/xhtml1-transitional.dtd">
<html xmlns="http://www.w3.org/1999/xhtml" xml:lang="en" lang="en">
 <head>
  <title>
</title>
<meta http-equiv="Content-Type" content="text/html;charset=utf-8" />
  <meta name='ocr-system' content='tesseract 3.04.00' />
  <meta name='ocr-capabilities' content='ocr_page ocr_carea ocr_par ocr_line ocrx_word'/>
</head>
<body>
  <div class='ocr_page' id='page_1' title='image "./corpusscriptorum02niebuoft_0043.png"; bbox 0 0 1754 3086; ppageno 0'>
   <div class='ocr_carea' id='block_1_1' title="bbox 24 0 1537 188">
    <p class='ocr_par' dir='ltr' id='par_1_1' title="bbox 24 0 1537 207">
     <span class='ocr_line' id='line_1_1' title="bbox 24 0 1537 188; baseline -0.002 0"><span class='ocrx_word' id='word_1_1' title='bbox 24 0 114 181; x_wconf 53' lang='grc' dir='ltr'><strong><em>ξ</em></strong></span> <span class='ocrx_word' id='word_1_2' title='bbox 685 146 1003 188; x_wconf 67' lang='grc' dir='ltr'><strong>ΡΒΑΕῈΑΤιο.</strong></span> <span class='ocrx_word' id='word_1_3' title='bbox 1358 145 1537 186; x_wconf 81' lang='lat' dir='ltr'><em>xxxvn</em></span> 
     </span>
    </p>
   </div>
   <div class='ocr_carea' id='block_1_2' title="bbox 0 0 51 3086">
    <p class='ocr_par' dir='ltr' id='par_1_2' title="bbox 0 0 51 3086">
     <span class='ocr_line' id='line_1_2' title="bbox 0 0 51 3086; baseline 0 0"><span class='ocrx_word' id='word_1_4' title='bbox 0 0 51 3086; x_wconf 95' lang='lat' dir='ltr'><em> </em></span> 
     </span>
    </p>
   </div>
   <div class='ocr_carea' id='block_1_3' title="bbox 56 263 1553 2729">
    <p class='ocr_par' dir='ltr' id='par_1_3' title="bbox 56 263 1543 606">
     <span class='ocr_line' id='line_1_3' title="bbox 56 263 1543 324; baseline -0.002 -15"><span class='ocrx_word' id='word_1_5' title='bbox 56 263 59 269; x_wconf 16' lang='grc' dir='ltr'><strong>Χ</strong></span> <span class='ocrx_word' id='word_1_6' title='bbox 110 269 330 310; x_wconf 68' lang='lat' dir='ltr'><em>tranas-voles</em></span> <span class='ocrx_word' id='word_1_7' title='bbox 357 269 472 308; x_wconf 82' lang='lat' dir='ltr'><em>licet.-</em></span> <span class='ocrx_word' id='word_1_8' title='bbox 499 282 579 308; x_wconf 85' lang='lat' dir='ltr'><em>non</em></span> <span class='ocrx_word' id='word_1_9' title='bbox 609 270 716 309; x_wconf 82' lang='lat' dir='ltr'><em>enim</em></span> <span class='ocrx_word' id='word_1_10' title='bbox 749 278 844 309; x_wconf 79' lang='lat' dir='ltr'><em>ants</em></span> <span class='ocrx_word' id='word_1_11' title='bbox 883 269 1019 309; x_wconf 88' lang='lat' dir='ltr'><em>omnia</em></span> <span class='ocrx_word' id='word_1_12' title='bbox 1040 267 1351 324; x_wconf 73' lang='lat' dir='ltr'><em>perlegendum3</em></span> <span class='ocrx_word' id='word_1_13' title='bbox 1388 267 1459 308; x_wconf 86' lang='lat' dir='ltr'><em>sed</em></span> <span class='ocrx_word' id='word_1_14' title='bbox 1496 268 1543 307; x_wconf 86' lang='lat' dir='ltr'><em>in</em></span> 
     </span>
     <span class='ocr_line' id='line_1_4' title="bbox 106 338 1542 395; baseline -0.001 -15"><span class='ocrx_word' id='word_1_15' title='bbox 106 347 280 394; x_wconf 79' lang='lat' dir='ltr'><em>tempore</em></span> <span class='ocrx_word' id='word_1_16' title='bbox 304 338 576 378; x_wconf 83' lang='lat' dir='ltr'><em>consulendum</em></span> <span class='ocrx_word' id='word_1_17' title='bbox 613 340 822 393; x_wconf 77' lang='lat' dir='ltr'><em>seponitur)</em></span> <span class='ocrx_word' id='word_1_18' title='bbox 862 354 1014 380; x_wconf 89' lang='lat' dir='ltr'><em>moram</em></span> <span class='ocrx_word' id='word_1_19' title='bbox 1030 369 1046 387; x_wconf 84' lang='lat'><em>,</em></span> <span class='ocrx_word' id='word_1_20' title='bbox 1086 341 1247 395; x_wconf 86' lang='lat' dir='ltr'><em>inquam</em></span> <span class='ocrx_word' id='word_1_21' title='bbox 1283 338 1542 379; x_wconf 83' lang='lat' dir='ltr'><em>necessariam</em></span> 
     </span>
     <span class='ocr_line' id='line_1_5' title="bbox 104 407 1540 463; baseline -0.003 -13"><span class='ocrx_word' id='word_1_22' title='bbox 104 410 310 463; x_wconf 79' lang='lat' dir='ltr'><em>interpono</em></span> <span class='ocrx_word' id='word_1_23' title='bbox 337 408 496 447; x_wconf 86' lang='lat' dir='ltr'><em>unicam</em></span> <span class='ocrx_word' id='word_1_24' title='bbox 511 437 523 459; x_wconf 92' lang='lat'>‚</span> <span class='ocrx_word' id='word_1_25' title='bbox 571 407 921 461; x_wconf 85' lang='lat' dir='ltr'><em>Praefatiunculae</em></span> <span class='ocrx_word' id='word_1_26' title='bbox 952 409 1095 463; x_wconf 86' lang='lat' dir='ltr'><em>paucis</em></span> <span class='ocrx_word' id='word_1_27' title='bbox 1133 409 1438 462; x_wconf 75' lang='lat' dir='ltr'><em>complexus-ae3</em></span> <span class='ocrx_word' id='word_1_28' title='bbox 1465 421 1540 461; x_wconf 86' lang='lat' dir='ltr'><em>quo</em></span> 
     </span>
     <span class='ocr_line' id='line_1_6' title="bbox 103 479 1542 534; baseline -0.002 -14"><span class='ocrx_word' id='word_1_29' title='bbox 103 493 222 530; x_wconf 78' lang='lat' dir='ltr'><em>casu,</em></span> <span class='ocrx_word' id='word_1_30' title='bbox 252 493 378 534; x_wconf 86' lang='lat' dir='ltr'><em>quove</em></span> <span class='ocrx_word' id='word_1_31' title='bbox 420 488 520 519; x_wconf 90' lang='lat' dir='ltr'><em>statu</em></span> <span class='ocrx_word' id='word_1_32' title='bbox 547 480 728 520; x_wconf 78' lang='lat' dir='ltr'><em>Alexias</em></span> <span class='ocrx_word' id='word_1_33' title='bbox 756 482 906 520; x_wconf 83' lang='lat' dir='ltr'><em>Annae</em></span> <span class='ocrx_word' id='word_1_34' title='bbox 935 479 1159 520; x_wconf 84' lang='lat' dir='ltr'><em>Comnenae</em></span> <span class='ocrx_word' id='word_1_35' title='bbox 1196 493 1303 518; x_wconf 84' lang='lat' dir='ltr'><em>meas</em></span> <span class='ocrx_word' id='word_1_36' title='bbox 1330 480 1374 518; x_wconf 87' lang='lat' dir='ltr'><em>in</em></span> <span class='ocrx_word' id='word_1_37' title='bbox 1402 492 1542 518; x_wconf 85' lang='lat' dir='ltr'><em>manus</em></span> 
     </span>
     <span class='ocr_line' id='line_1_7' title="bbox 104 551 1295 606; baseline -0.002 -15"><span class='ocrx_word' id='word_1_38' title='bbox 104 551 286 599; x_wconf 76' lang='lat' dir='ltr'><em>venerit3</em></span> <span class='ocrx_word' id='word_1_39' title='bbox 315 564 392 605; x_wconf 88' lang='lat' dir='ltr'><em>qua</em></span> <span class='ocrx_word' id='word_1_40' title='bbox 419 564 489 601; x_wconf 85' lang='lat' dir='ltr'><em>spe</em></span> <span class='ocrx_word' id='word_1_41' title='bbox 517 565 644 606; x_wconf 87' lang='lat' dir='ltr'><em>quave</em></span> <span class='ocrx_word' id='word_1_42' title='bbox 673 551 894 590; x_wconf 86' lang='lat' dir='ltr'><em>conditione</em></span> <span class='ocrx_word' id='word_1_43' title='bbox 929 552 971 590; x_wconf 86' lang='lat' dir='ltr'><em>in</em></span> <span class='ocrx_word' id='word_1_44' title='bbox 999 560 1084 590; x_wconf 87' lang='lat' dir='ltr'><em>tuas</em></span> <span class='ocrx_word' id='word_1_45' title='bbox 1112 559 1295 590; x_wconf 88' lang='lat' dir='ltr'><em>transeat.</em></span> 
     </span>
    </p>

    <p class='ocr_par' dir='ltr' id='par_1_4' title="bbox 85 621 1553 2729">
     <span class='ocr_line' id='line_1_8' title="bbox 215 621 1545 676; baseline -0.002 -16"><span class='ocrx_word' id='word_1_46' title='bbox 215 621 305 660; x_wconf 91' lang='lat' dir='ltr'><em>Iam</em></span> <span class='ocrx_word' id='word_1_47' title='bbox 343 629 428 660; x_wconf 85' lang='lat' dir='ltr'><em>tum</em></span> <span class='ocrx_word' id='word_1_48' title='bbox 468 621 523 660; x_wconf 86' lang='lat' dir='ltr'><em>ab</em></span> <span class='ocrx_word' id='word_1_49' title='bbox 550 621 828 671; x_wconf 77' lang='lat' dir='ltr'><em>adolescentia,</em></span> <span class='ocrx_word' id='word_1_50' title='bbox 853 636 977 676; x_wconf 88' lang='lat' dir='ltr'><em>quam</em></span> <span class='ocrx_word' id='word_1_51' title='bbox 1006 622 1105 661; x_wconf 75' lang='lat' dir='ltr'><em>mihi</em></span> <span class='ocrx_word' id='word_1_52' title='bbox 1132 623 1344 674; x_wconf 78' lang='lat' dir='ltr'><strong><em>transigere</em></strong></span> <span class='ocrx_word' id='word_1_53' title='bbox 1381 621 1545 659; x_wconf 76' lang='lat' dir='ltr'><em>Tolosae</em></span> 
     </span>
     <span class='ocr_line' id='line_1_9' title="bbox 105 690 1545 746; baseline -0.001 -16"><span class='ocrx_word' id='word_1_54' title='bbox 105 691 272 744; x_wconf 73' lang='lat' dir='ltr'><em>contigit,</em></span> <span class='ocrx_word' id='word_1_55' title='bbox 306 691 454 743; x_wconf 81' lang='lat' dir='ltr'><em>ingenti</em></span> <span class='ocrx_word' id='word_1_56' title='bbox 479 691 676 730; x_wconf 85' lang='lat' dir='ltr'><em>desiderio</em></span> <span class='ocrx_word' id='word_1_57' title='bbox 690 691 883 746; x_wconf 83' lang='lat' dir='ltr'><em>flagravi</em></span> <span class='ocrx_word' id='word_1_58' title='bbox 902 690 1137 731; x_wconf 80' lang='lat' dir='ltr'><em>Alexiados</em></span> <span class='ocrx_word' id='word_1_59' title='bbox 1151 691 1293 731; x_wconf 80' lang='lat' dir='ltr'><em>Annae</em></span> <span class='ocrx_word' id='word_1_60' title='bbox 1324 690 1545 731; x_wconf 84' lang='lat' dir='ltr'><em>Conmenae</em></span> 
     </span>
     <span class='ocr_line' id='line_1_10' title="bbox 104 761 1550 817; baseline -0.001 -15"><span class='ocrx_word' id='word_1_61' title='bbox 104 762 373 817; x_wconf 71' lang='lat' dir='ltr'><em>explicandae</em></span> <span class='ocrx_word' id='word_1_62' title='bbox 388 762 544 800; x_wconf 87' lang='lat' dir='ltr'><em>Latinis</em></span> <span class='ocrx_word' id='word_1_63' title='bbox 560 762 713 811; x_wconf 86' lang='lat' dir='ltr'><em>litteris,</em></span> <span class='ocrx_word' id='word_1_64' title='bbox 736 771 774 801; x_wconf 86' lang='lat' dir='ltr'><em>et</em></span> <span class='ocrx_word' id='word_1_65' title='bbox 790 763 873 801; x_wconf 87' lang='lat' dir='ltr'><em>luce</em></span> <span class='ocrx_word' id='word_1_66' title='bbox 894 763 1056 817; x_wconf 86' lang='lat' dir='ltr'><em>publica</em></span> <span class='ocrx_word' id='word_1_67' title='bbox 1072 762 1304 802; x_wconf 86' lang='lat' dir='ltr'><em>donandae.</em></span> <span class='ocrx_word' id='word_1_68' title='bbox 1331 762 1487 802; x_wconf 84' lang='lat' dir='ltr'><em>Alehat</em></span> <span class='ocrx_word' id='word_1_69' title='bbox 1500 761 1550 800; x_wconf 89' lang='lat' dir='ltr'><em>id</em></span> 
     </span>
     <span class='ocr_line' id='line_1_11' title="bbox 104 831 1550 887; baseline -0.001 -15"><span class='ocrx_word' id='word_1_70' title='bbox 104 841 246 873; x_wconf 80' lang='lat' dir='ltr'><em>votum</em></span> <span class='ocrx_word' id='word_1_71' title='bbox 276 832 530 887; x_wconf 86' lang='lat' dir='ltr'><em>lactabatque</em></span> <span class='ocrx_word' id='word_1_72' title='bbox 562 832 708 871; x_wconf 83' lang='lat' dir='ltr'><em>blanda</em></span> <span class='ocrx_word' id='word_1_73' title='bbox 733 846 802 886; x_wconf 88' lang='lat' dir='ltr'><em>spe</em></span> <span class='ocrx_word' id='word_1_74' title='bbox 828 833 935 872; x_wconf 87' lang='lat' dir='ltr'><em>sedes</em></span> <span class='ocrx_word' id='word_1_75' title='bbox 959 833 1033 871; x_wconf 89' lang='lat' dir='ltr'><em>illa</em></span> <span class='ocrx_word' id='word_1_76' title='bbox 1060 833 1147 887; x_wconf 89' lang='lat' dir='ltr'><em>ipsa</em></span> <span class='ocrx_word' id='word_1_77' title='bbox 1165 832 1406 871; x_wconf 84' lang='lat' dir='ltr'><em>studiorum.-</em></span> <span class='ocrx_word' id='word_1_78' title='bbox 1436 831 1550 887; x_wconf 85' lang='lat' dir='ltr'><em>quod</em></span> 
     </span>
     <span class='ocr_line' id='line_1_12' title="bbox 103 904 1546 958; baseline -0.001 -15"><span class='ocrx_word' id='word_1_79' title='bbox 103 904 147 943; x_wconf 82' lang='lat' dir='ltr'><em>in</em></span> <span class='ocrx_word' id='word_1_80' title='bbox 177 917 255 958; x_wconf 84' lang='lat' dir='ltr'><em>qua</em></span> <span class='ocrx_word' id='word_1_81' title='bbox 280 904 471 943; x_wconf 76' lang='lat' dir='ltr'><em>vivebam</em></span> <span class='ocrx_word' id='word_1_82' title='bbox 499 904 718 958; x_wconf 79' lang='lat' dir='ltr'><em>litterisque</em></span> <span class='ocrx_word' id='word_1_83' title='bbox 744 905 947 958; x_wconf 85' lang='lat' dir='ltr'><em>operabar</em></span> <span class='ocrx_word' id='word_1_84' title='bbox 971 905 1120 944; x_wconf 86' lang='lat' dir='ltr'><em>civitas</em></span> <span class='ocrx_word' id='word_1_85' title='bbox 1149 905 1304 944; x_wconf 81' lang='lat' dir='ltr'><em>wzieum</em></span> <span class='ocrx_word' id='word_1_86' title='bbox 1331 904 1417 944; x_wconf 83' lang='lat' dir='ltr'><em>eius</em></span> <span class='ocrx_word' id='word_1_87' title='bbox 1446 917 1546 956; x_wconf 86' lang='lat' dir='ltr'><em>ope-</em></span> 
     </span>
     <span class='ocr_line' id='line_1_13' title="bbox 103 974 1546 1030; baseline -0.001 -16"><span class='ocrx_word' id='word_1_88' title='bbox 103 975 160 1014; x_wconf 82' lang='lat' dir='ltr'><em>ris</em></span> <span class='ocrx_word' id='word_1_89' title='bbox 188 975 507 1028; x_wconf 85' lang='lat' dir='ltr'><em>antiquissimum</em></span> <span class='ocrx_word' id='word_1_90' title='bbox 535 983 574 1013; x_wconf 91' lang='lat' dir='ltr'><em>et</em></span> <span class='ocrx_word' id='word_1_91' title='bbox 597 976 895 1026; x_wconf 79' lang='lat' dir='ltr'><em>integerrimum</em></span> <span class='ocrx_word' id='word_1_92' title='bbox 922 976 1135 1030; x_wconf 77' lang='lat' dir='ltr'><em>exemplar</em></span> <span class='ocrx_word' id='word_1_93' title='bbox 1160 975 1301 1014; x_wconf 78' lang='lat' dir='ltr'><em>habere</em></span> <span class='ocrx_word' id='word_1_94' title='bbox 1327 974 1546 1014; x_wconf 79' lang='lat' dir='ltr'><em>dicebatur.</em></span> 
     </span>
     <span class='ocr_line' id='line_1_14' title="bbox 105 1044 1548 1101; baseline -0.001 -16"><span class='ocrx_word' id='word_1_95' title='bbox 105 1044 190 1098; x_wconf 74' lang='lat' dir='ltr'><em>Egi</em></span> <span class='ocrx_word' id='word_1_96' title='bbox 211 1060 316 1099; x_wconf 70' lang='lat' dir='ltr'><em>ergo,</em></span> <span class='ocrx_word' id='word_1_97' title='bbox 344 1045 493 1098; x_wconf 77' lang='lat' dir='ltr'><em>sategi,</em></span> <span class='ocrx_word' id='word_1_98' title='bbox 519 1059 597 1099; x_wconf 86' lang='lat' dir='ltr'><em>per</em></span> <span class='ocrx_word' id='word_1_99' title='bbox 623 1059 687 1084; x_wconf 86' lang='lat' dir='ltr'><em>me</em></span> <span class='ocrx_word' id='word_1_100' title='bbox 704 1075 716 1096; x_wconf 90' lang='lat'><strong>,</strong></span> <span class='ocrx_word' id='word_1_101' title='bbox 739 1060 817 1101; x_wconf 86' lang='lat' dir='ltr'><em>per</em></span> <span class='ocrx_word' id='word_1_102' title='bbox 853 1048 998 1085; x_wconf 90' lang='lat' dir='ltr'><em>amicos</em></span> <span class='ocrx_word' id='word_1_103' title='bbox 1026 1046 1135 1085; x_wconf 86' lang='lat' dir='ltr'><em>movi</em></span> <span class='ocrx_word' id='word_1_104' title='bbox 1162 1046 1304 1095; x_wconf 84' lang='lat' dir='ltr'><em>multa,</em></span> <span class='ocrx_word' id='word_1_105' title='bbox 1334 1058 1413 1098; x_wconf 84' lang='lat' dir='ltr'><em>quo</em></span> <span class='ocrx_word' id='word_1_106' title='bbox 1438 1045 1548 1084; x_wconf 84' lang='lat' dir='ltr'><em>istius·</em></span> 
     </span>
     <span class='ocr_line' id='line_1_15' title="bbox 105 1114 1547 1171; baseline -0.002 -15"><span class='ocrx_word' id='word_1_107' title='bbox 105 1117 206 1156; x_wconf 74' lang='lat' dir='ltr'><em>mila·</em></span> <span class='ocrx_word' id='word_1_108' title='bbox 222 1118 338 1171; x_wconf 87' lang='lat' dir='ltr'><em>copia</em></span> <span class='ocrx_word' id='word_1_109' title='bbox 357 1114 482 1169; x_wconf 86' lang='lat' dir='ltr'><em>fieret</em></span> <span class='ocrx_word' id='word_1_110' title='bbox 503 1116 665 1156; x_wconf 86' lang='lat' dir='ltr'><em>codicis.</em></span> <span class='ocrx_word' id='word_1_111' title='bbox 695 1130 720 1155; x_wconf 92' lang='lat' dir='ltr'><em>a</em></span> <span class='ocrx_word' id='word_1_112' title='bbox 746 1117 987 1156; x_wconf 86' lang='lat' dir='ltr'><em>nobilissima</em></span> <span class='ocrx_word' id='word_1_113' title='bbox 1006 1117 1302 1171; x_wconf 87' lang='lat' dir='ltr'><em>clarissimaque</em></span> <span class='ocrx_word' id='word_1_114' title='bbox 1318 1116 1547 1163; x_wconf 78' lang='lat' dir='ltr'><em>Fabrorum</em></span> 
     </span>
     <span class='ocr_line' id='line_1_16' title="bbox 106 1186 1548 1242; baseline 0.001 -18"><span class='ocrx_word' id='word_1_115' title='bbox 106 1186 446 1227; x_wconf 84' lang='lat' dir='ltr'><em>Sanioriauoram</em></span> <span class='ocrx_word' id='word_1_116' title='bbox 469 1189 639 1242; x_wconf 88' lang='lat' dir='ltr'><em>familia</em></span> <span class='ocrx_word' id='word_1_117' title='bbox 661 1189 703 1228; x_wconf 90' lang='lat' dir='ltr'><em>in</em></span> <span class='ocrx_word' id='word_1_118' title='bbox 716 1189 917 1228; x_wconf 72' lang='lat' dir='ltr'><em>Musaeum</em></span> <span class='ocrx_word' id='word_1_119' title='bbox 934 1188 1009 1228; x_wconf 78' lang='grc' dir='ltr'><em>τοῦ</em></span> <span class='ocrx_word' id='word_1_120' title='bbox 1037 1186 1267 1240; x_wconf 71' lang='grc' dir='ltr'><strong><em>μακαρίτου</em></strong></span> <span class='ocrx_word' id='word_1_121' title='bbox 1296 1186 1548 1227; x_wconf 75' lang='lat' dir='ltr'><em>eruditissimi</em></span> 
     </span>
     <span class='ocr_line' id='line_1_17' title="bbox 106 1258 1549 1307; baseline 0.001 -11"><span class='ocrx_word' id='word_1_122' title='bbox 106 1258 222 1297; x_wconf 87' lang='lat' dir='ltr'><em>Petri</em></span> <span class='ocrx_word' id='word_1_123' title='bbox 245 1259 372 1298; x_wconf 81' lang='lat' dir='ltr'><em>Fabri</em></span> <span class='ocrx_word' id='word_1_124' title='bbox 387 1261 666 1300; x_wconf 74' lang='lat' dir='ltr'><em>humanissime</em></span> <span class='ocrx_word' id='word_1_125' title='bbox 686 1261 899 1307; x_wconf 87' lang='lat' dir='ltr'><em>admissus,</em></span> <span class='ocrx_word' id='word_1_126' title='bbox 928 1261 1092 1300; x_wconf 84' lang='lat' dir='ltr'><em>versatis</em></span> <span class='ocrx_word' id='word_1_127' title='bbox 1111 1261 1196 1300; x_wconf 89' lang='lat' dir='ltr'><em>illic</em></span> <span class='ocrx_word' id='word_1_128' title='bbox 1221 1261 1453 1300; x_wconf 82' lang='lat' dir='ltr'><em>otiosissime</em></span> <span class='ocrx_word' id='word_1_129' title='bbox 1481 1273 1549 1298; x_wconf 83' lang='lat' dir='ltr'><em>eu-</em></span> 
     </span>
     <span class='ocr_line' id='line_1_18' title="bbox 105 1329 1553 1387; baseline 0.001 -20"><span class='ocrx_word' id='word_1_130' title='bbox 105 1329 392 1383; x_wconf 83' lang='lat' dir='ltr'><em>riosissimeque</em></span> <span class='ocrx_word' id='word_1_131' title='bbox 416 1333 565 1371; x_wconf 79' lang='lat' dir='ltr'><em>eunctis</em></span> <span class='ocrx_word' id='word_1_132' title='bbox 598 1333 766 1371; x_wconf 85' lang='lat' dir='ltr'><em>multum</em></span> <span class='ocrx_word' id='word_1_133' title='bbox 782 1332 948 1385; x_wconf 83' lang='lat' dir='ltr'><em>frustra</em></span> <span class='ocrx_word' id='word_1_134' title='bbox 979 1332 1060 1370; x_wconf 80' lang='lat' dir='ltr'><em>hibi</em></span> <span class='ocrx_word' id='word_1_135' title='bbox 1083 1333 1315 1387; x_wconf 80' lang='lat' dir='ltr'><em>pulverem.</em></span> <span class='ocrx_word' id='word_1_136' title='bbox 1342 1330 1553 1382; x_wconf 77' lang='lat' dir='ltr'><em>Indagavs&#39;</em></span> 
     </span>
     <span class='ocr_line' id='line_1_19' title="bbox 105 1399 1550 1456; baseline 0.003 -20"><span class='ocrx_word' id='word_1_137' title='bbox 105 1404 225 1437; x_wconf 76' lang='lat' dir='ltr'><em>ettam</em></span> <span class='ocrx_word' id='word_1_138' title='bbox 243 1399 496 1455; x_wconf 84' lang='lat' dir='ltr'><em>omnibusque</em></span> <span class='ocrx_word' id='word_1_139' title='bbox 516 1403 687 1454; x_wconf 78' lang='lat' dir='ltr'><em>vestigiis</em></span> <span class='ocrx_word' id='word_1_140' title='bbox 707 1402 894 1440; x_wconf 90' lang='lat' dir='ltr'><em>odoratus</em></span> <span class='ocrx_word' id='word_1_141' title='bbox 909 1416 992 1441; x_wconf 87' lang='lat' dir='ltr'><em>sum</em></span> <span class='ocrx_word' id='word_1_142' title='bbox 1011 1415 1179 1456; x_wconf 85' lang='lat' dir='ltr'><em>ecquam</em></span> <span class='ocrx_word' id='word_1_143' title='bbox 1207 1403 1250 1441; x_wconf 85' lang='lat' dir='ltr'><em>in</em></span> <span class='ocrx_word' id='word_1_144' title='bbox 1278 1402 1393 1442; x_wconf 80' lang='lat' dir='ltr'><em>urbis</em></span> <span class='ocrx_word' id='word_1_145' title='bbox 1420 1402 1550 1441; x_wconf 85' lang='lat' dir='ltr'><em>aliam</em></span> 
     </span>
     <span class='ocr_line' id='line_1_20' title="bbox 105 1471 1548 1526; baseline 0.003 -19"><span class='ocrx_word' id='word_1_146' title='bbox 105 1482 211 1509; x_wconf 89' lang='lat' dir='ltr'><em>rara</em></span> <span class='ocrx_word' id='word_1_147' title='bbox 237 1478 275 1508; x_wconf 90' lang='lat' dir='ltr'><em>et</em></span> <span class='ocrx_word' id='word_1_148' title='bbox 296 1471 506 1524; x_wconf 79' lang='lat' dir='ltr'><em>peregrina</em></span> <span class='ocrx_word' id='word_1_149' title='bbox 532 1472 632 1511; x_wconf 79' lang='lat' dir='ltr'><em>haec</em></span> <span class='ocrx_word' id='word_1_150' title='bbox 659 1472 749 1509; x_wconf 89' lang='lat' dir='ltr'><em>avis</em></span> <span class='ocrx_word' id='word_1_151' title='bbox 777 1471 974 1510; x_wconf 85' lang='lat' dir='ltr'><em>evolasset</em></span> <span class='ocrx_word' id='word_1_152' title='bbox 998 1471 1176 1512; x_wconf 87' lang='lat' dir='ltr'><em>domum.</em></span> <span class='ocrx_word' id='word_1_153' title='bbox 1231 1486 1308 1511; x_wconf 90' lang='lat' dir='ltr'><em>non</em></span> <span class='ocrx_word' id='word_1_154' title='bbox 1332 1472 1423 1526; x_wconf 85' lang='lat' dir='ltr'><em>plus</em></span> <span class='ocrx_word' id='word_1_155' title='bbox 1443 1484 1548 1526; x_wconf 85' lang='lat' dir='ltr'><em>pro-</em></span> 
     </span>
     <span class='ocr_line' id='line_1_21' title="bbox 85 1540 1549 1597; baseline 0 -20"><span class='ocrx_word' id='word_1_156' title='bbox 85 1540 181 1590; x_wconf 67' lang='lat' dir='ltr'><em>jeci</em></span> <span class='ocrx_word' id='word_1_157' title='bbox 203 1552 324 1592; x_wconf 81' lang='lat' dir='ltr'><em>qnam</em></span> <span class='ocrx_word' id='word_1_158' title='bbox 350 1541 524 1580; x_wconf 87' lang='lat' dir='ltr'><em>Cadmus</em></span> <span class='ocrx_word' id='word_1_159' title='bbox 550 1554 644 1581; x_wconf 90' lang='lat' dir='ltr'><em>cum</em></span> <span class='ocrx_word' id='word_1_160' title='bbox 663 1540 871 1595; x_wconf 81' lang='lat' dir='ltr'><em>Europam</em></span> <span class='ocrx_word' id='word_1_161' title='bbox 902 1549 1122 1594; x_wconf 81' lang='lat' dir='ltr'><em>quaereret.</em></span> <span class='ocrx_word' id='word_1_162' title='bbox 1178 1541 1312 1597; x_wconf 85' lang='lat' dir='ltr'><em>Atque</em></span> <span class='ocrx_word' id='word_1_163' title='bbox 1341 1542 1406 1581; x_wconf 81' lang='lat' dir='ltr'><em>hic</em></span> <span class='ocrx_word' id='word_1_164' title='bbox 1427 1556 1549 1597; x_wconf 85' lang='lat' dir='ltr'><em>prae-</em></span> 
     </span>
     <span class='ocr_line' id='line_1_22' title="bbox 102 1609 1544 1663; baseline 0.001 -14"><span class='ocrx_word' id='word_1_165' title='bbox 102 1609 303 1650; x_wconf 81' lang='lat' dir='ltr'><em>dicandae</em></span> <span class='ocrx_word' id='word_1_166' title='bbox 330 1612 438 1651; x_wconf 85' lang='lat' dir='ltr'><em>locus</em></span> <span class='ocrx_word' id='word_1_167' title='bbox 468 1620 526 1649; x_wconf 85' lang='lat' dir='ltr'><em>est</em></span> <span class='ocrx_word' id='word_1_168' title='bbox 553 1609 864 1662; x_wconf 74' lang='lat' dir='ltr'><em>officiosissimae</em></span> <span class='ocrx_word' id='word_1_169' title='bbox 901 1611 1150 1663; x_wconf 77' lang='lat' dir='ltr'><em>betu&#39;gm‘tatis</em></span> <span class='ocrx_word' id='word_1_170' title='bbox 1191 1611 1455 1651; x_wconf 85' lang='lat' dir='ltr'><em>Illustrissimi</em></span> <span class='ocrx_word' id='word_1_171' title='bbox 1483 1610 1544 1650; x_wconf 90' lang='lat' dir='ltr'><em>D.</em></span> 
     </span>
     <span class='ocr_line' id='line_1_23' title="bbox 106 1681 1549 1736; baseline 0.001 -16"><span class='ocrx_word' id='word_1_172' title='bbox 106 1681 253 1720; x_wconf 84' lang='lat' dir='ltr'><em>Caroli</em></span> <span class='ocrx_word' id='word_1_173' title='bbox 294 1683 345 1721; x_wconf 86' lang='lat' dir='ltr'><em>de</em></span> <span class='ocrx_word' id='word_1_174' title='bbox 375 1682 583 1721; x_wconf 71' lang='lat' dir='ltr'><em>Montclzal</em></span> <span class='ocrx_word' id='word_1_175' title='bbox 608 1682 914 1736; x_wconf 80' lang='lat' dir='ltr'><em>Archicpiscopi</em></span> <span class='ocrx_word' id='word_1_176' title='bbox 957 1682 1161 1731; x_wconf 85' lang='lat' dir='ltr'><em>Tolosani‚</em></span> <span class='ocrx_word' id='word_1_177' title='bbox 1189 1683 1262 1736; x_wconf 85' lang='lat' dir='ltr'><em>qui</em></span> <span class='ocrx_word' id='word_1_178' title='bbox 1282 1695 1363 1736; x_wconf 88' lang='lat' dir='ltr'><em>pro</em></span> <span class='ocrx_word' id='word_1_179' title='bbox 1392 1691 1549 1722; x_wconf 87' lang='lat' dir='ltr'><em>caetera</em></span> 
     </span>
     <span class='ocr_line' id='line_1_24' title="bbox 102 1752 1548 1807; baseline 0.001 -16"><span class='ocrx_word' id='word_1_180' title='bbox 102 1752 349 1792; x_wconf 79' lang='lat' dir='ltr'><em>humanitate</em></span> <span class='ocrx_word' id='word_1_181' title='bbox 379 1769 460 1807; x_wconf 76' lang='lat' dir='ltr'><em>qua</em></span> <span class='ocrx_word' id='word_1_182' title='bbox 486 1755 615 1793; x_wconf 87' lang='lat' dir='ltr'><em>studia</em></span> <span class='ocrx_word' id='word_1_183' title='bbox 643 1768 797 1807; x_wconf 80' lang='lat' dir='ltr'><em>semper</em></span> <span class='ocrx_word' id='word_1_184' title='bbox 834 1767 921 1792; x_wconf 84' lang='lat' dir='ltr'><em>mea</em></span> <span class='ocrx_word' id='word_1_185' title='bbox 946 1762 1172 1807; x_wconf 82' lang='lat' dir='ltr'><em>prosecutus·</em></span> <span class='ocrx_word' id='word_1_186' title='bbox 1201 1762 1272 1804; x_wconf 85' lang='lat' dir='ltr'><em>est,</em></span> <span class='ocrx_word' id='word_1_187' title='bbox 1303 1761 1395 1793; x_wconf 84' lang='lat' dir='ltr'><em>tune</em></span> <span class='ocrx_word' id='word_1_188' title='bbox 1421 1753 1548 1792; x_wconf 85' lang='lat' dir='ltr'><em>etiam</em></span> 
     </span>
     <span class='ocr_line' id='line_1_25' title="bbox 104 1823 1548 1878; baseline -0.001 -14"><span class='ocrx_word' id='word_1_189' title='bbox 104 1838 182 1864; x_wconf 84' lang='lat' dir='ltr'><em>non</em></span> <span class='ocrx_word' id='word_1_190' title='bbox 207 1827 412 1878; x_wconf 77' lang='lat' dir='ltr'><em>indignum</em></span> <span class='ocrx_word' id='word_1_191' title='bbox 446 1827 679 1866; x_wconf 82' lang='lat' dir='ltr'><em>celsitudine</em></span> <span class='ocrx_word' id='word_1_192' title='bbox 718 1840 789 1864; x_wconf 84' lang='lat' dir='ltr'><em>sua</em></span> <span class='ocrx_word' id='word_1_193' title='bbox 824 1823 997 1863; x_wconf 84' lang='lat' dir='ltr'><em>credidit</em></span> <span class='ocrx_word' id='word_1_194' title='bbox 1023 1826 1066 1863; x_wconf 87' lang='lat' dir='ltr'><em>in</em></span> <span class='ocrx_word' id='word_1_195' title='bbox 1093 1825 1206 1863; x_wconf 88' lang='lat' dir='ltr'><em>istam</em></span> <span class='ocrx_word' id='word_1_196' title='bbox 1237 1838 1384 1863; x_wconf 76' lang='lat' dir='ltr'><em>mecum</em></span> <span class='ocrx_word' id='word_1_197' title='bbox 1411 1837 1548 1863; x_wconf 87' lang='lat' dir='ltr'><em>curam</em></span> 
     </span>
     <span class='ocr_line' id='line_1_26' title="bbox 102 1894 1549 1950; baseline 0 -16"><span class='ocrx_word' id='word_1_198' title='bbox 102 1894 368 1943; x_wconf 81' lang='lat' dir='ltr'><em>descend‹·re;</em></span> <span class='ocrx_word' id='word_1_199' title='bbox 397 1904 433 1935; x_wconf 89' lang='lat' dir='ltr'><em>et</em></span> <span class='ocrx_word' id='word_1_200' title='bbox 459 1897 690 1937; x_wconf 87' lang='lat' dir='ltr'><em>autoritatis</em></span> <span class='ocrx_word' id='word_1_201' title='bbox 718 1897 1007 1950; x_wconf 81' lang='lat' dir='ltr'><em>interpositione</em></span> <span class='ocrx_word' id='word_1_202' title='bbox 1032 1910 1127 1935; x_wconf 84' lang='lat' dir='ltr'><em>suae</em></span> <span class='ocrx_word' id='word_1_203' title='bbox 1149 1904 1286 1935; x_wconf 86' lang='lat' dir='ltr'><em>tantae</em></span> <span class='ocrx_word' id='word_1_204' title='bbox 1313 1897 1426 1934; x_wconf 75' lang='lat' dir='ltr'><em>bedas</em></span> <span class='ocrx_word' id='word_1_205' title='bbox 1452 1894 1549 1949; x_wconf 69' lang='lat' dir='ltr'><em>ff·</em></span> 
     </span>
     <span class='ocr_line' id='line_1_27' title="bbox 102 1966 1547 2022; baseline 0 -16"><span class='ocrx_word' id='word_1_206' title='bbox 102 1974 208 2006; x_wconf 82' lang='lat' dir='ltr'><em>ctum</em></span> <span class='ocrx_word' id='word_1_207' title='bbox 246 1967 335 2006; x_wconf 81' lang='lat' dir='ltr'><em>voti</em></span> <span class='ocrx_word' id='word_1_208' title='bbox 375 1968 476 2006; x_wconf 79' lang='lat' dir='ltr'><em>mihi</em></span> <span class='ocrx_word' id='word_1_209' title='bbox 497 1967 682 2022; x_wconf 80' lang='lat' dir='ltr'><em>conficere</em></span> <span class='ocrx_word' id='word_1_210' title='bbox 720 1968 867 2009; x_wconf 83' lang='lat' dir='ltr'><em>conari.</em></span> <span class='ocrx_word' id='word_1_211' title='bbox 936 1966 1068 2007; x_wconf 83' lang='lat' dir='ltr'><em>Elusit</em></span> <span class='ocrx_word' id='word_1_212' title='bbox 1108 1975 1236 2006; x_wconf 89' lang='lat' dir='ltr'><em>tamen</em></span> <span class='ocrx_word' id='word_1_213' title='bbox 1263 1967 1547 2019; x_wconf 76' lang='lat' dir='ltr'><em>indagationeS,</em></span> 
     </span>
     <span class='ocr_line' id='line_1_28' title="bbox 97 2037 1551 2093; baseline 0 -17"><span class='ocrx_word' id='word_1_214' title='bbox 97 2037 317 2092; x_wconf 81' lang='lat' dir='ltr'><em>petitiones,</em></span> <span class='ocrx_word' id='word_1_215' title='bbox 346 2039 653 2079; x_wconf 80' lang='lat' dir='ltr'><em>maclu&#39;nationes</em></span> <span class='ocrx_word' id='word_1_216' title='bbox 681 2053 812 2077; x_wconf 85' lang='lat' dir='ltr'><em>omncs</em></span> <span class='ocrx_word' id='word_1_217' title='bbox 839 2038 910 2078; x_wconf 82' lang='lat' dir='ltr'><em>vel</em></span> <span class='ocrx_word' id='word_1_218' title='bbox 933 2039 1063 2077; x_wconf 83' lang='lat' dir='ltr'><em>nescio</em></span> <span class='ocrx_word' id='word_1_219' title='bbox 1089 2039 1177 2093; x_wconf 85' lang='lat' dir='ltr'><em>quis</em></span> <span class='ocrx_word' id='word_1_220' title='bbox 1197 2051 1306 2077; x_wconf 83' lang='lat' dir='ltr'><em>casus</em></span> <span class='ocrx_word' id='word_1_221' title='bbox 1336 2038 1452 2086; x_wconf 85' lang='lat' dir='ltr'><em>alius,</em></span> <span class='ocrx_word' id='word_1_222' title='bbox 1483 2038 1551 2077; x_wconf 79' lang='lat' dir='ltr'><em>vel</em></span> 
     </span>
     <span class='ocr_line' id='line_1_29' title="bbox 102 2108 1548 2167; baseline -0.001 -20"><span class='ocrx_word' id='word_1_223' title='bbox 102 2108 401 2148; x_wconf 62' lang='lat' dir='ltr'><em>obstinatissima</em></span> <span class='ocrx_word' id='word_1_224' title='bbox 431 2111 627 2167; x_wconf 85' lang='lat' dir='ltr'><em>iniquitas</em></span> <span class='ocrx_word' id='word_1_225' title='bbox 650 2123 801 2159; x_wconf 84' lang='lat' dir='ltr'><em>eorum,</em></span> <span class='ocrx_word' id='word_1_226' title='bbox 833 2111 904 2164; x_wconf 81' lang='lat' dir='ltr'><em>qui</em></span> <span class='ocrx_word' id='word_1_227' title='bbox 930 2112 1130 2165; x_wconf 85' lang='lat' dir='ltr'><em>captivam</em></span> <span class='ocrx_word' id='word_1_228' title='bbox 1151 2110 1342 2149; x_wconf 80' lang='lat' dir='ltr'><em>illustrem</em></span> <span class='ocrx_word' id='word_1_229' title='bbox 1370 2108 1548 2149; x_wconf 85' lang='lat' dir='ltr'><em>aeternis</em></span> 
     </span>
     <span class='ocr_line' id='line_1_30' title="bbox 104 2178 1546 2234; baseline -0.002 -15"><span class='ocrx_word' id='word_1_230' title='bbox 104 2179 280 2220; x_wconf 83' lang='lat' dir='ltr'><em>detinere</em></span> <span class='ocrx_word' id='word_1_231' title='bbox 318 2180 481 2219; x_wconf 82' lang='lat' dir='ltr'><em>tenebris</em></span> <span class='ocrx_word' id='word_1_232' title='bbox 509 2194 598 2220; x_wconf 86' lang='lat' dir='ltr'><em>cum</em></span> <span class='ocrx_word' id='word_1_233' title='bbox 621 2180 869 2221; x_wconf 85' lang='lat' dir='ltr'><em>incommodo</em></span> <span class='ocrx_word' id='word_1_234' title='bbox 908 2190 946 2221; x_wconf 87' lang='lat' dir='ltr'><em>ct</em></span> <span class='ocrx_word' id='word_1_235' title='bbox 972 2183 1115 2234; x_wconf 79' lang='lat' dir='ltr'><em>gemitu</em></span> <span class='ocrx_word' id='word_1_236' title='bbox 1147 2180 1267 2220; x_wconf 84' lang='lat' dir='ltr'><em>Orbis</em></span> <span class='ocrx_word' id='word_1_237' title='bbox 1293 2179 1411 2218; x_wconf 85' lang='lat' dir='ltr'><em>totius</em></span> <span class='ocrx_word' id='word_1_238' title='bbox 1443 2178 1546 2217; x_wconf 84' lang='lat' dir='ltr'><em>deli.</em></span> 
     </span>
     <span class='ocr_line' id='line_1_31' title="bbox 105 2249 1549 2302; baseline -0.001 -14"><span class='ocrx_word' id='word_1_239' title='bbox 105 2249 385 2289; x_wconf 72' lang='lat' dir='ltr'><em>beratissimaemz</em></span> <span class='ocrx_word' id='word_1_240' title='bbox 426 2249 584 2290; x_wconf 75' lang='lat' dir='ltr'><em>hahent.</em></span> <span class='ocrx_word' id='word_1_241' title='bbox 653 2250 775 2289; x_wconf 87' lang='lat' dir='ltr'><em>Multi</em></span> <span class='ocrx_word' id='word_1_242' title='bbox 812 2249 959 2288; x_wconf 82' lang='lat' dir='ltr'><em>deinde</em></span> <span class='ocrx_word' id='word_1_243' title='bbox 987 2250 1085 2289; x_wconf 89' lang='lat' dir='ltr'><em>anni</em></span> <span class='ocrx_word' id='word_1_244' title='bbox 1120 2249 1220 2288; x_wconf 76' lang='lat' dir='ltr'><em>mila·</em></span> <span class='ocrx_word' id='word_1_245' title='bbox 1253 2250 1340 2289; x_wconf 87' lang='lat' dir='ltr'><em>alia</em></span> <span class='ocrx_word' id='word_1_246' title='bbox 1363 2249 1549 2302; x_wconf 79' lang='lat' dir='ltr'><em>cogitanti</em></span> 
     </span>
     <span class='ocr_line' id='line_1_32' title="bbox 106 2320 1547 2376; baseline -0.001 -15"><span class='ocrx_word' id='word_1_247' title='bbox 106 2321 247 2361; x_wconf 87' lang='lat' dir='ltr'><em>omnia</em></span> <span class='ocrx_word' id='word_1_248' title='bbox 275 2329 314 2359; x_wconf 87' lang='lat' dir='ltr'><em>et</em></span> <span class='ocrx_word' id='word_1_249' title='bbox 342 2321 573 2361; x_wconf 77' lang='lat' dir='ltr'><em>Alexiados</em></span> <span class='ocrx_word' id='word_1_250' title='bbox 598 2321 685 2359; x_wconf 87' lang='lat' dir='ltr'><em>iam</em></span> <span class='ocrx_word' id='word_1_251' title='bbox 707 2321 831 2375; x_wconf 89' lang='lat' dir='ltr'><em>plane</em></span> <span class='ocrx_word' id='word_1_252' title='bbox 873 2321 994 2361; x_wconf 82' lang='lat' dir='ltr'><em>oblito</em></span> <span class='ocrx_word' id='word_1_253' title='bbox 1003 2320 1238 2376; x_wconf 74' lang='lat' dir='ltr'><em>fhexerant,</em></span> <span class='ocrx_word' id='word_1_254' title='bbox 1269 2335 1356 2363; x_wconf 85' lang='lat' dir='ltr'><em>cum</em></span> <span class='ocrx_word' id='word_1_255' title='bbox 1383 2321 1453 2360; x_wconf 82' lang='lat' dir='ltr'><em>vir</em></span> <span class='ocrx_word' id='word_1_256' title='bbox 1477 2322 1547 2359; x_wconf 71' lang='lat' dir='ltr'><em>lto—</em></span> 
     </span>
     <span class='ocr_line' id='line_1_33' title="bbox 106 2391 1546 2444; baseline -0.001 -14"><span class='ocrx_word' id='word_1_257' title='bbox 106 2393 211 2430; x_wconf 84' lang='lat' dir='ltr'><em>noris</em></span> <span class='ocrx_word' id='word_1_258' title='bbox 242 2404 366 2430; x_wconf 87' lang='lat' dir='ltr'><em>causa</em></span> <span class='ocrx_word' id='word_1_259' title='bbox 392 2392 650 2431; x_wconf 82' lang='lat' dir='ltr'><em>nominandus</em></span> <span class='ocrx_word' id='word_1_260' title='bbox 681 2392 821 2431; x_wconf 83' lang='lat' dir='ltr'><em>Petrus</em></span> <span class='ocrx_word' id='word_1_261' title='bbox 860 2391 1071 2444; x_wconf 78' lang='lat' dir='ltr'><em>Seguerius</em></span> <span class='ocrx_word' id='word_1_262' title='bbox 1109 2391 1386 2432; x_wconf 87' lang='lat' dir='ltr'><em>Cancellarius</em></span> <span class='ocrx_word' id='word_1_263' title='bbox 1414 2392 1546 2429; x_wconf 82' lang='lat' dir='ltr'><em>Fran-</em></span> 
     </span>
     <span class='ocr_line' id='line_1_34' title="bbox 110 2460 1546 2517; baseline 0 -19"><span class='ocrx_word' id='word_1_264' title='bbox 110 2460 223 2510; x_wconf 87' lang='lat' dir='ltr'><em>ciae,</em></span> <span class='ocrx_word' id='word_1_265' title='bbox 265 2462 337 2515; x_wconf 80' lang='lat' dir='ltr'><em>qui</em></span> <span class='ocrx_word' id='word_1_266' title='bbox 363 2462 634 2516; x_wconf 80' lang='lat' dir='ltr'><em>amplissimae</em></span> <span class='ocrx_word' id='word_1_267' title='bbox 675 2462 864 2515; x_wconf 79' lang='lat' dir='ltr'><em>dignitati</em></span> <span class='ocrx_word' id='word_1_268' title='bbox 902 2477 1042 2517; x_wconf 84' lang='lat' dir='ltr'><em>parem</em></span> <span class='ocrx_word' id='word_1_269' title='bbox 1085 2464 1300 2516; x_wconf 81' lang='lat' dir='ltr'><em>Religionis</em></span> <span class='ocrx_word' id='word_1_270' title='bbox 1315 2491 1326 2512; x_wconf 89' lang='lat'><strong><em>,</em></strong></span> <span class='ocrx_word' id='word_1_271' title='bbox 1356 2461 1546 2510; x_wconf 82' lang='lat' dir='ltr'><em>Iustitiae,</em></span> 
     </span>
     <span class='ocr_line' id='line_1_35' title="bbox 106 2530 1546 2588; baseline 0.001 -20"><span class='ocrx_word' id='word_1_272' title='bbox 106 2530 337 2585; x_wconf 74' lang='lat' dir='ltr'><em>virtutisque</em></span> <span class='ocrx_word' id='word_1_273' title='bbox 362 2534 514 2578; x_wconf 55' lang='grc' dir='ltr'><em>(νηπίη</em></span> <span class='ocrx_word' id='word_1_274' title='bbox 542 2541 621 2572; x_wconf 87' lang='lat' dir='ltr'><em>tum</em></span> <span class='ocrx_word' id='word_1_275' title='bbox 642 2548 734 2572; x_wconf 81' lang='lat' dir='ltr'><em>vcro</em></span> <span class='ocrx_word' id='word_1_276' title='bbox 751 2535 869 2572; x_wconf 86' lang='lat' dir='ltr'><em>etiam</em></span> <span class='ocrx_word' id='word_1_277' title='bbox 891 2535 1129 2588; x_wconf 80' lang='lat' dir='ltr'><em>eloquentiae</em></span> <span class='ocrx_word' id='word_1_278' title='bbox 1152 2543 1189 2573; x_wconf 91' lang='lat' dir='ltr'><em>et</em></span> <span class='ocrx_word' id='word_1_279' title='bbox 1214 2532 1444 2572; x_wconf 86' lang='lat' dir='ltr'><em>eruditionis</em></span> <span class='ocrx_word' id='word_1_280' title='bbox 1471 2545 1546 2570; x_wconf 76' lang='lat' dir='ltr'><em>ex-</em></span> 
     </span>
     <span class='ocr_line' id='line_1_36' title="bbox 105 2600 1545 2661; baseline 0.002 -24"><span class='ocrx_word' id='word_1_281' title='bbox 105 2600 323 2639; x_wconf 86' lang='lat' dir='ltr'><em>cellentiam</em></span> <span class='ocrx_word' id='word_1_282' title='bbox 351 2602 549 2653; x_wconf 54' lang='lat' dir='ltr'><em>‹uliunxiss</em></span> <span class='ocrx_word' id='word_1_283' title='bbox 578 2605 896 2644; x_wconf 75' lang='lat' dir='ltr'><em>animmlvertens</em></span> <span class='ocrx_word' id='word_1_284' title='bbox 921 2619 949 2644; x_wconf 86' lang='lat' dir='ltr'><em>a</em></span> <span class='ocrx_word' id='word_1_285' title='bbox 978 2605 1202 2644; x_wconf 84' lang='lat' dir='ltr'><em>collectione</em></span> <span class='ocrx_word' id='word_1_286' title='bbox 1226 2603 1432 2642; x_wconf 86' lang='lat' dir='ltr'><em>Ilistoriac</em></span> <span class='ocrx_word' id='word_1_287' title='bbox 1458 2602 1545 2661; x_wconf 49' lang='lat' dir='ltr'><em>Bys-</em></span> 
     </span>
     <span class='ocr_line' id='line_1_37' title="bbox 109 2671 1544 2729; baseline 0.003 -20"><span class='ocrx_word' id='word_1_288' title='bbox 109 2672 286 2711; x_wconf 85' lang='lat' dir='ltr'><em>zantinae</em></span> <span class='ocrx_word' id='word_1_289' title='bbox 313 2686 434 2726; x_wconf 83' lang='lat' dir='ltr'><em>quam</em></span> <span class='ocrx_word' id='word_1_290' title='bbox 460 2675 580 2729; x_wconf 78' lang='lat' dir='ltr'><em>Typis</em></span> <span class='ocrx_word' id='word_1_291' title='bbox 597 2675 665 2714; x_wconf 73' lang='lat' dir='ltr'><em>ccli</em></span> <span class='ocrx_word' id='word_1_292' title='bbox 679 2675 805 2728; x_wconf 69' lang='lat' dir='ltr'><em>Regiis</em></span> <span class='ocrx_word' id='word_1_293' title='bbox 835 2677 1016 2727; x_wconf 80' lang='lat' dir='ltr'><em>iusserat,</em></span> <span class='ocrx_word' id='word_1_294' title='bbox 1049 2674 1298 2716; x_wconf 66' lang='lat' dir='ltr'><em>Aleaeiadcm</em></span> <span class='ocrx_word' id='word_1_295' title='bbox 1312 2673 1452 2714; x_wconf 76' lang='lat' dir='ltr'><em>Annae</em></span> <span class='ocrx_word' id='word_1_296' title='bbox 1469 2671 1544 2713; x_wconf 86' lang='lat' dir='ltr'><em>Co-</em></span> 
     </span>
    </p>
   </div>
  </div>
 </body>
</html>
