1754 3086
235 69 348 125 358
698 86 879 128 ΛΝΝΑΕ
917 85 1208 128 coMNssNAF,
1583 86 1593 103 ¹

233 186 304 228 καί
329 184 387 240 μη
435 183 684 237 οἷποχρῶσας
721 186 919 237 δυνάμεις
946 184 1050 239 πρὸς
1077 186 1257 225 τοσαῦτα
1286 181 1424 237 πλήθη
1451 181 1586 237 ἔχων,
1613 182 1658 227 τὸ

230 250 288 305 μη
327 256 489 305 χεῖρον,
535 247 558 290 ὅ
600 266 754 305 φασιν,
795 253 957 303 βέλτιον
997 247 1275 302 λογισάμενος,
1313 248 1416 301 πρὸς
1452 248 1659 303 εἰρηνικὰς

233 313 360 363 αὖθις
402 316 544 356 α’πεΐδε
586 313 782 364 σπονδάς.
851 317 985 371 ἐρωτᾷ
1018 317 1144 367 γοῦν,
1185 315 1377 367 πρέσβεις
1412 312 1658 363 ἀποστείλας

231 381 337 434 πρὸς
367 379 538 432 αύτούς,
567 379 621 421 τὰ
642 381 738 434 περί
769 381 955 434 εἰρήνης·
985 379 1021 420 οῖ
1051 381 1085 420 δ’
1114 375 1239 428 αὖθις
1267 381 1322 436 τῷ
1351 380 1426 420 τοῦ
1455 379 1658 431 βασιλέως

229 445 404 498 ὗπεΐξαν
431 442 653 499 θελήματι.
729 449 972 501 προέφθασε
1001 447 1046 486 δὲ
1073 445 1152 497 πρὸ
1182 447 1262 486 τῶν
1292 445 1506 499 εἰρηνικῶν
1533 459 1652 485 σπον-
1669 444 1694 485 5

230 514 313 553 δῶν
346 511 576 563 αὐτόμολος
614 514 924 565 παραγενέσθαι
956 510 976 552 ὃ
1008 510 1233 564 Νεάντζης.
1291 511 1492 560 πέμπεται
1519 511 1656 550 τοίνυν

186 577 250 619 D&
280 576 535 631 ΙΙΙιγιδηνός,
563 573 672 618 ῶστε
698 578 950 630 πανηγύρεις
979 573 1136 628 ἐξάγειν
1168 576 1212 616 ἐκ
1239 577 1318 617 τῶν
1346 576 1658 628 παρακειμένων

226 643 378 697 χωρῶν
398 659 407 669 ·
477 637 530 683 οὗ
560 642 582 682 ὅ
612 640 703 690 υἶὸς
731 644 790 690 εἰς
824 641 897 683 τὸν
923 640 1115 695 γεγονότα
1151 636 1319 694 ὕστερον
1349 639 1527 692 πόλεμον
1553 638 1656 680 κατὰ

226 707 297 749 τὸν
323 711 341 730 *
370 712 387 730 *
417 711 434 730 *
464 711 483 730 *
511 711 529 730 *
572 709 695 748 τόπον
736 707 860 757 ὀξέως
888 705 991 748 κατά
1033 709 1113 748 τῶν
1137 703 1410 757 Πατζινάκων
1437 703 1654 760 ὁρμήσας,

227 772 299 813 καὶ
326 774 583 827 παρασυρείς
619 770 730 825 παρα
762 770 952 825 γυναικὸς
979 773 1182 820 Σκυθίδος
1219 769 1351 824 ἑάλω,
1379 768 1448 812 διά
1483 770 1656 824 σιδηρᾶς
1674 782 1720 808 10

227 835 362 892 ἁ’ρπης
389 836 487 879 εἵσω
517 839 597 879 τῶν
625 837 794 889 ἁμαξῶν
822 835 1047 885 ἑλκυσθείς.
1081 831 1133 878 οὗ
1158 835 1231 891 τήν
1255 834 1440 892 κεφαλήν
1473 834 1658 889 ἀποτμη-

226 906 372 944 θεῖσαν
404 903 575 956 ἐπρίατο
609 900 631 942 ὅ
672 901 867 955 βασιλεὺς
911 902 952 951 ἐξ
982 903 1178 957 αἰτήσεως
1211 904 1286 943 τοῦ
1317 899 1470 956 πατρὸς
1496 901 1627 942 αὐτοῦ
1645 920 1656 928 ·

94 969 212 1014 PAO-‘3
227 967 307 1009 ὑπὸ
340 969 386 1008 δὲ
413 969 485 1021 τῆς
522 966 736 1022 α’φορήτου
772 971 959 1020 θλίψεως
999 966 1069 1009 ἐπὶ
1108 970 1223 1021 τρισί
1262 968 1544 1020 νυχθημέροις
1585 966 1655 1007 διὰ

223 1033 434 1087 χερμάδος
473 1031 596 1073 λίθου
635 1031 796 1073 τύπτων
833 1031 879 1072 τὸ
923 1034 1090 1086 στέρνον
1129 1033 1150 1072 ὁ
1179 1030 1317 1086 πατὴρ
1347 1031 1529 1086 τελευτᾷ.
1583 1031 1659 1071 οὐκ

224 1097 295 1139 έπί
321 1096 426 1138 πολύ
458 1099 503 1139 δὲ
531 1095 582 1138 τὰ
615 1099 688 1151 τῆς
717 1096 882 1152 εἰρήνης
902 1099 986 1140 τῶν
1014 1099 1191 1139 Σκυθῶν
1216 1097 1390 1152 διήρκει,
1418 1092 1507 1138 ἀλλ’
1532 1091 1657 1145 αὖθις
1675 1097 1722 1138 15

224 1162 329 1216 πρὸς
357 1161 428 1203 τὸν
450 1161 557 1204 ἴδιον
585 1162 739 1215 ἔμετον,
774 1162 829 1211 ῶς
844 1162 976 1216 κύνες,
1003 1165 1283 1218 ἐστράφησαν.
1326 1160 1558 1216 ἀπάραντες
1587 1156 1661 1202 οὖν

225 1226 305 1269 ἀπὸ
333 1229 414 1269 τῶν
445 1228 694 1281 Κυψέλλων,
723 1228 1088 1282 καταλαμβάνουσι
1113 1226 1183 1270 τὸν
1217 1227 1512 1282 Ταυρόκωμον,
1544 1221 1666 1268 κοῖκεῖ

227 1293 639 1347 παραχειμάσαντες,
673 1294 880 1347 ἐληΐζοντο
906 1292 980 1342 τὰς
1004 1295 1310 1348 παρακειμένας
1343 1293 1603 1345 κωμοπόλεις.

97 1367 139 1400 V.
156 1366 216 1399 162
339 1359 376 1399 7.
422 1352 572 1412 Ἔαρος
602 1360 649 1400 δὲ
675 1353 755 1413 ἤδη
776 1359 1080 1414 ἀναφανέντος,
1109 1360 1267 1401 ἐκεῖθεν
1296 1360 1355 1406 εἰς
1373 1354 1658 1412 Χαριούπολιν

229 1421 439 1478 ἔρχονται.
497 1423 518 1465 ὃ
548 1424 593 1465 δὲ
632 1425 830 1476 βασιλεὺς
852 1426 916 1472 ἐἰς
942 1422 988 1466 τὸ
1030 1423 1381 1479 Βουλγαρόφυγον
1411 1425 1723 1478 διατρίβων,’ω

231 1485 369 1530 ούκέτι
388 1490 432 1530 ἐν
449 1487 674 1542 α’ναβολαῖς
690 1484 751 1544 ἦν.
781 1487 887 1531 οἲλλοὶ
906 1491 1032 1546 μέρος
1050 1492 1123 1531 τοῦ
1136 1491 1315 1545 στρατοῦ
1334 1488 1659 1543 ἀποτεμνόμενος

323 1606 356 1638 3.
380 1605 501 1640 ἐπεῖδε
525 1606 563 1644 C.
681 1608 715 1649 4.
741 1603 850 1646 αὖθις
868 1620 876 1640 :
893 1618 938 1640 an
965 1601 1101 1646 εὐθὺς-Ρ
1194 1607 1226 1639 5.
1249 1607 1471 1653 προέφθασε
1496 1607 1534 1648 C,
1560 1618 1655 1653 προ-

322 1655 465 1698 έφθακε
490 1653 560 1685 PG.
660 1655 709 1696 14.
734 1654 872 1688 τύπτον
890 1655 925 1686 Ρ.
1023 1656 1072 1688 15.
1092 1653 1164 1689 τῶν
1187 1653 1344 1688 Σκυθῶν
1367 1664 1436 1686 om.
1464 1654 1506 1686 A.
1605 1655 1655 1687 16.

320 1693 414 1744 πρὸς
431 1712 439 1732 :
457 1702 517 1734 ἐπὶ
548 1699 587 1731 Α.
754 1713 806 1746 ¹7-
835 1695 909 1735 ἆπό
935 1711 1002 1736 om.
1028 1702 1067 1733 A.
1259 1699 1491 1748 ταυρόκομον
1518 1700 1558 1736 Α.
1581 1699 1654 1734 vid.

321 1746 435 1780 Nicet.
459 1757 495 1792 p.
519 1746 598 1787 516,
624 1746 657 1790 4.
779 1758 831 1793 ¹9·
854 1746 921 1790 ἤδη
949 1758 1016 1780 om.
1040 1746 1115 1780 AG.

230 1846 422 1881 nesciebat.
448 1858 488 1880 ae
511 1848 678 1893 quoniam
708 1849 874 1883 adversus
900 1855 1034 1884 tantam
1068 1848 1335 1883 multitudinem
1357 1859 1430 1882 non
1453 1853 1507 1882 sat
1529 1858 1655 1892 magna

229 1894 411 1937 copiarum
437 1894 472 1926 vi
508 1895 698 1928 instructus
731 1902 825 1937 erat,
859 1897 957 1942 quod
983 1897 1137 1930 deterius
1162 1907 1234 1929 non
1264 1901 1334 1937 est,
1358 1901 1399 1929 ut
1433 1895 1551 1936 aiunt,
1588 1906 1653 1939 pro

227 1940 374 1973 meliore
397 1939 543 1982 habens,
569 1941 613 1973 ad
638 1953 758 1986 pacem
787 1955 903 1977 rursus
925 1944 1079 1977 animum
1105 1942 1267 1984 advertit,
1293 1953 1405 1987 eaque
1427 1941 1470 1974 de
1493 1953 1530 1974 re
1558 1941 1655 1986 lega-

228 1991 284 2019 tos
311 1986 356 2019 ad
380 1986 524 2029 Scythas
560 1989 672 2021 mittit
687 2014 695 2029 ‚
740 1991 802 2035 qui
826 1991 943 2024 statim
976 1990 1197 2035 imperatoris
1221 1988 1395 2022 voluntati
1420 1988 1652 2022 satisfaciunt.

227 2033 326 2077 prius
362 2039 480 2066 autem
515 2045 619 2079 quam
655 2047 723 2078 pax
755 2037 848 2070 facta
874 2042 969 2077 erat,
1005 2037 1241 2081 transfugerat
1263 2036 1308 2068 ad
1336 2037 1510 2068 Romanos
1533 2035 1653 2068 Nean-

227 2084 312 2112 tzes.
341 2080 496 2113 mittitur
517 2092 597 2124 ergo
622 2082 822 2126 Migidenus
838 2109 847 2124 ‚
871 2090 912 2118 ut
935 2096 978 2117 ex
998 2083 1200 2128 regionibus
1227 2083 1386 2128 locisque
1410 2081 1652 2115 adiacentibus

228 2132 424 2159 conventus
462 2126 639 2160 educeret.
678 2129 777 2162 cuius
801 2131 894 2164 filius
913 2156 923 2172 ,
955 2136 1130 2164 contracta
1164 2129 1293 2163 deiude
1329 2139 1445 2174 pugna
1469 2128 1514 2161 ad
1535 2128 1653 2161 locum

226 2174 244 2189 ⁴¹
267 2175 284 2188 *
307 2174 324 2190 '¹
345 2174 362 2190 ¹*
385 2174 402 2190 *
438 2175 655 2207 nominatum
671 2200 680 2216 ‚
708 2187 787 2209 cum
821 2179 859 2210 in
882 2179 1080 2211 Patzinacas
1106 2176 1239 2210 fervide
1264 2175 1502 2216 inveheretur,
1528 2186 1547 2207 a
1570 2187 1651 2208 mu-

228 2218 315 2252 liere
334 2219 499 2263 Scythica
533 2227 657 2266 captus
697 2228 770 2264 est,
805 2224 896 2257 falce
925 2224 1038 2257 ferrea
1064 2225 1155 2257 intra
1189 2223 1346 2268 plaustra
1372 2227 1526 2263 tractus3
1550 2222 1651 2255 cuius

229 2272 447 2310 amputatum
473 2274 580 2311 caput
602 2269 817 2313 imperator,
844 2277 987 2315 rogante
1011 2277 1132 2316 patre,
1158 2269 1327 2312 redemit;
1353 2275 1455 2314 pater
1475 2269 1562 2313 ipse,
1584 2268 1650 2302 do-

229 2312 306 2345 lore
331 2323 472 2353 amens,
501 2325 578 2346 cum
601 2326 665 2358 per
686 2320 757 2349 tres
783 2317 859 2350 dies
884 2324 1076 2362 noctesque
1101 2318 1286 2350 continuas
1314 2327 1397 2349 saxo
1421 2321 1543 2360 pectus
1567 2315 1650 2360 pul-

229 2364 364 2400 sasset,
406 2360 556 2394 animam
594 2361 735 2395 efflavit.
772 2370 928 2397 ceterum
965 2365 1062 2397 haud
1097 2364 1264 2397 diuturna
1288 2374 1358 2408 pax
1391 2363 1478 2403 fuit,
1510 2361 1649 2405 Scythis

229 2417 350 2438 rursus
384 2417 508 2439 canum
539 2409 649 2440 instar
682 2408 726 2441 ad
762 2412 943 2456 proprium
979 2412 1149 2444 vomitum
1175 2409 1417 2443 redeuntibus.
1475 2407 1648 2454 Cypsellis

227 2452 337 2495 igitur
369 2453 536 2496 profecti,
568 2455 823 2489 Taurocomum
856 2468 893 2491 se
929 2459 1134 2500 conferunt,
1176 2457 1299 2503 ibique
1322 2456 1520 2489 hiemantes
1553 2455 1648 2490 vicos

227 2498 429 2533 adiacentes
454 2500 727 2545 populabantur.

320 2557 350 2589 7.
401 2546 488 2580 Orto
511 2547 581 2580 iam
603 2559 707 2590 vere,
731 2549 814 2582 inde
840 2548 1069 2594 Chariopolin
1093 2550 1251 2584 veniunt.
1277 2555 1313 2583 at
1336 2550 1535 2594 imperator,
1559 2547 1645 2580 Bul-

226 2592 418 2636 gai-ophygi
445 2605 680 2635 commorans,
713 2607 785 2628 non
809 2597 956 2640 amplius
990 2596 1234 2639 cunctabatur3
1259 2596 1320 2629 sed
1347 2596 1478 2630 electos
1503 2605 1522 2627 e
1549 2594 1646 2626 mili-

227 2638 323 2673 tibus
351 2641 521 2685 primores
545 2651 667 2675 omnes
699 2648 807 2688 atque
831 2643 925 2688 ipsos
951 2644 1056 2677 etiam
1074 2668 1083 2684 ‚
1109 2644 1171 2688 qui
1207 2642 1454 2689 archontopuli
1479 2640 1645 2674 dicuntur
