1754 3086
626 124 946 167 PRAEFATIO.
1122 147 1130 154 =
1373 122 1495 161 xmx

63 229 177 279 ficri,
207 230 356 282 Regem
398 227 675 268 Baldewinum
718 241 758 267 se
798 227 900 267 velle
939 227 1148 267 honorare
1175 231 1216 267 et
1246 239 1394 267 amare.
1450 226 1493 263 lu

69 295 208 335 eadem
241 294 442 348 legatione
482 293 533 332 ab
563 293 814 347 imperatore
843 293 1052 334 decretum
1081 299 1167 343 est,
1197 299 1243 333 ut
1267 292 1494 346 Episcopus

64 363 115 403 de
130 362 358 402 Barcinona
387 375 480 401 eum
511 361 620 413 apud
644 361 869 399 Romanum
898 361 1022 399 Pont.
1049 360 1296 407 paschalem,
1329 359 1379 399 de
1406 364 1493 398 tra-

62 429 218 469 ditione
241 427 318 468 sibi
349 427 537 481 imposita
566 433 783 467 excusaret.
841 425 926 466 Sed
942 427 1220 480 praevaluisse
1247 426 1493 480 suspiciones,

18 541 25 544 ,
61 507 117 534 ex
143 494 385 549 sequentibus
416 501 600 548 apparet.
657 494 755 533 CAP.
784 506 918 532 xnvui.
938 492 1191 545 Engelradus
1219 498 1353 532 mitem
1382 491 1493 531 miles

59 559 224 614 quidam
253 560 294 599 in
338 560 555 599 Ierusalem
590 565 798 613 repertus,
829 559 1065 598 muneribus
1094 559 1246 612 magnis
1279 559 1329 596 ab
1357 558 1491 610 Impe-

59 631 201 666 ratore
230 625 481 676 honoratus,
522 626 629 665 bona
679 625 827 665 nuncia
865 625 1107 678 reportavit,
1136 631 1177 664 et
1204 625 1425 664 amicitiam
1453 630 1493 664 et

58 691 180 732 fidem
207 693 307 746 Regi
338 691 572 732 Baldewino
589 694 881 746 Imperatorem
910 691 1011 741 yelle
1038 692 1271 744 observare,
1301 696 1342 731 et
1371 705 1491 743 perc-

58 758 197 811 grinos
224 773 305 798 non
336 758 443 798 ultra
474 759 695 798 offendere.
751 757 830 798 Sed
849 758 1069 811 Episcopus
1099 757 1396 812 aliquantulum
1427 772 1491 797 re-

59 826 163 865 nisus
192 830 252 865 est
279 825 537 878 Imperatori,
567 829 741 878 propter
772 824 1051 864 infidelitatem
1080 838 1176 878 erga
1197 824 1345 873 Gallos,
1369 838 1490 878 quam

55 891 107 932 ab
138 905 186 931 eo
213 891 395 931 extorsit.
466 892 736 945 Quapropter
772 891 810 930 in
858 890 1129 931 amaritudine
1170 890 1293 930 animi
1320 891 1490 931 Romam

57 957 240 1010 tendens,
268 958 397 1011 ipsum
413 959 712 1012 Imperatorem
740 958 976 998 criminatus
1006 965 1065 998 est
1095 959 1134 997 in
1168 959 1333 998 ecclesia
1360 959 1489 997 Benc-

56 1029 256 1074 ventana,
285 1030 327 1065 et
369 1024 462 1065 idco
501 1024 711 1078 assumptis
742 1024 888 1065 litteris
929 1025 1051 1079 ipsius
1078 1024 1320 1078 Apostolici,
1348 1026 1488 1079 queri-

55 1091 191 1130 monia
219 1091 352 1145 gravis
389 1090 497 1144 apud
530 1105 667 1132 omnes
707 1091 917 1146 Principes
947 1091 1100 1131 Galliae
1139 1105 1256 1145 super
1288 1092 1374 1146 ipso
1406 1094 1486 1132 lm-

53 1163 250 1211 peratore
279 1157 384 1197 facta
413 1163 482 1198 est.
