1754 3086
255 72 367 146 364
697 90 877 130 ΑΝΝΑΕ
925 89 1216 133 COMNENAE

254 188 498 239 κελεύσατο,
554 188 824 243 α’ποχρῶντας
882 187 1114 241 εἰσαγαγών
1159 189 1203 228 ἐν
1261 187 1372 241 αὐτῷ’
1430 186 1680 242 στρατιώτας

254 252 327 295 καί
375 249 553 308 ἡγεμόνα
605 251 674 294 τὸν
704 249 852 306 Ὠπον,
900 253 1171 306 βουλόμενος,
1218 250 1260 293 εἴ
1293 267 1372 293 που
1418 252 1547 309 τούτῳ
1584 269 1680 294 συν-

256 316 416 373 αντήσει
455 320 787 375 διαπλωιζομένῳ
818 322 905 360 κατ’
947 319 1103 371 αὐτοῦ,
1131 316 1331 371 συμμίξαι
1362 316 1464 369 πρὸς
1490 319 1679 370 πόλεμον.

255 383 276 425 ὁ
317 386 363 425 δὲ
410 385 579 436 Τζαχᾶς
621 381 692 437 τήν
733 379 903 439 ἤπειρον
942 383 1205 435 καταλιπών,
1251 381 1429 423 κατευθὺ
1475 381 1584 424 Χίου
1613 380 1683 423 τὸν
1753 433 1754 436 ¹

258 449 470 491 ἀπόπλουν
499 447 685 489 ἐποιεῖτο.
726 453 798 489 καί
826 446 1082 502 συναντήσας
1111 448 1226 504 αὐτῷ
1254 450 1350 501 περὶ
1374 448 1504 500 μέσας
1535 446 1718 495 νύκταςδ
1751 481 1754 486 .

259 513 279 554 ὃ
301 510 451 567 Ὦπος,
495 513 551 562 ὥς
578 511 662 555 εἶδε
683 512 824 568 καινήν
838 530 929 555 τινα
958 511 1032 566 τήν
1057 513 1281 566 ναυλοχίαν
1309 512 1566 564 ποιούμενον,
1596 508 1687 566 (καῖ

256 579 334 636 γὰρ
363 578 508 621 ἅλυσιν
525 580 836 628 κατασκευάσας
863 580 1108 632 παμμεγέθη
1126 610 1136 630 ,
1166 576 1330 619 ἅπαντα
1357 576 1406 619 τά
1440 578 1568 618 αὐτοῦ’
1595 577 1684 618 ἐδέ·

220 657 389 700 Βσμησε
419 649 556 698 πλοῖα,
583 645 639 694 ὥς
667 645 769 699 μήτε
794 644 888 693 τοὺς
915 645 1188 698 τρεπομένους
1217 642 1531 696 ἀποδιδράσκειν
1561 641 1686 683 δύνα-

256 716 380 764 σθαι,
410 709 502 765 μήτ’
531 706 589 752 αὖ
619 709 743 751 πάλιν
765 709 864 759 τούς
884 712 1171 764 προεκτρέχειν
1200 710 1418 757 ἐθέλοντας
1445 709 1517 762 τῆς
1545 723 1685 750 ναυτι-

256 781 326 832 κῆς
354 774 584 825 συντάξεως
613 775 944 829 διακόπτεσθαι,)
985 776 1304 827 ε’κδειματωθείς
1331 773 1401 815 καὶ
1428 774 1534 827 μηδὲ
1561 788 1685 827 προσ·
1702 787 1715 814 1

256 843 431 884 πελάσαι
471 841 631 889 τούτοις
670 838 889 894 θαρρήσας
919 837 1048 891 ὅλως,
1091 841 1273 894 στρέψας
1301 837 1398 888 τούς
1425 837 1577 890 οἴακας,
1607 836 1683 891 τήν

259 910 366 950 Χίον
395 903 520 955 αὖθις
549 905 753 959 ἀνεζήτει.
788 905 809 945 ὃ
842 908 887 947 δέ
913 921 958 959 γε
987 907 1151 958 Τζαχᾶς
1177 905 1255 946 σὺν
1282 901 1482 960 ἐπιστήμῃ
1511 904 1684 944 α’κολου-

258 975 348 1014 θῶν
374 973 498 1029 αύτῷ,
533 972 607 1011 οὐκ
626 973 808 1012 ἐνεδίδου
826 973 899 1025 τῆς
929 973 1123 1025 εἰρεσίας.
1153 970 1255 1011 ε’πὰν
1287 972 1332 1011 δὲ
1364 971 1413 1026 τῇ
1433 971 1526 1026 Χίῳ
1554 984 1684 1023 προσ-

258 1036 447 1088 πελάζειν
487 1035 683 1090 ἔμελλον,
728 1036 750 1076 ὅ
780 1038 858 1089 μὲν
894 1032 1015 1084 Ὦπος
1054 1038 1109 1094 τῷ
1136 1037 1270 1088 λιμένι
1298 1038 1456 1090 πρῶτος
1481 1032 1558 1083 τὰς
1584 1035 1685 1082 ναῦς

258 1103 523 1157 προσώρμισε
551 1104 624 1156 τῆς
654 1100 790 1152 Χίου,
824 1099 1098 1157 (προεφθάκει
1135 1099 1214 1156 γάρ
1245 1103 1389 1143 τοῦτον
1415 1105 1636 1153 κατασχεῖν
1663 1098 1728 1145 61:

259 1169 568 1223 Δαλασσηνός,)
605 1165 624 1207 ὃ
658 1168 702 1208 δὲ
736 1169 900 1221 Τζαχᾶς
927 1166 1205 1222 περιπλεύσας
1224 1168 1385 1208 τουτονί
1410 1163 1484 1206 τόν
1505 1162 1583 1220 ἤδη
1611 1163 1687 1220 ῥη-

260 1236 386 1275 θέντα
429 1235 501 1287 τῆς
531 1234 641 1275 Χίου
683 1230 839 1287 ὅρμον,
877 1235 931 1289 τῷ
973 1235 1102 1286 τείχει
1136 1234 1213 1274 τοῦ
1240 1229 1419 1286 κάστρου
1460 1229 1536 1280 τάς
1577 1231 1688 1280 ἰδίας

260 1300 542 1351 προσεπέλασε
571 1300 683 1346 ναῦς.
716 1298 859 1353 ’τετρὰς
888 1300 934 1340 δὲ
961 1300 1032 1352 τῆς
1060 1294 1289 1351 ἑβδομάδος
1321 1293 1385 1350 ἦν.
1439 1297 1491 1353 τῇ
1521 1297 1576 1337 δὲ
1597 1297 1686 1348 μετ’

219 1362 389 1417 ραΰτὴν
417 1361 611 1413 ἐξελάσας
637 1366 719 1405 τῶν
747 1367 856 1418 νηιόν
888 1361 1070 1412 ἅπαντας
1088 1397 1098 1416 ,
1129 1359 1302 1418 ἠρίθμει
1327 1378 1371 1403 τε
1400 1365 1471 1404 καί
1505 1358 1686 1416 α’πεγρά-

259 1445 371 1485 φετο.
440 1429 459 1470 ὃ
493 1431 538 1470 δέ
564 1445 608 1483 γε
637 1428 910 1484 Δαλασσηνὸς
951 1428 1161 1483 πολίχνιόν
1197 1445 1236 1470 τι
1266 1425 1399 1482 ιῖγχοῦ
1424 1429 1496 1469 τοῦ
1524 1429 1686 1479 λιμένος
1698 1443 1732 1470 2«

259 1493 463 1549 εὑρηκώς,
493 1494 669 1550 ἠφάνισε
700 1498 776 1548 μὲν
821 1494 890 1536 τὸν
915 1495 1109 1549 χάρακα,
1138 1492 1185 1536 ὃν
1210 1492 1461 1549 προφθάσας
1490 1494 1684 1546 διώρυξε,

261 1564 368 1602 κεῖθι
396 1563 440 1601 δὲ
459 1559 672 1601 κατελθών
696 1563 768 1601 καί
793 1555 921 1615 ἄλλην
941 1558 1131 1613 διώρυχα
1157 1557 1331 1614 ποιήσας
1351 1560 1409 1608 εἷς
1437 1558 1685 1612 ἀποχρῶντα

261 1626 440 1682 τάφρον,
459 1622 588 1666 αὐτοῦ
617 1641 697 1667 που
721 1625 765 1667 τὸ
797 1625 1006 1667 ὁπλιτικὸν
1034 1626 1241 1670 κατέθετο.
1295 1625 1342 1680 τῇ
1373 1626 1418 1666 δὲ
1442 1628 1528 1676 μετ’
1555 1621 1685 1677 αὐτὴν

262 1689 389 1748 ἄμφω
417 1690 466 1734 τοὶ
490 1689 776 1746 στρατεύματα
801 1691 1098 1745 ἐξοπλισάμενα
1114 1692 1199 1732 κατ’
1220 1689 1406 1745 α’λλήλων
1430 1685 1685 1743 παρεσκευά-

353 1778 386 1810 3.
416 1775 701 1822 διαπλοιζομένῳ
725 1775 794 1817 PG,
819 1776 969 1808 alterum
993 1775 1030 1809 C.
1127 1786 1159 1820 7.
1187 1776 1405 1821 παμμεγέθη
1434 1771 1617 1810 σκευάσας
1639 1771 1682 1804 G.

357 1821 503 1857 ἅπαντα
524 1833 590 1854 om.
619 1823 690 1856 CG.
786 1822 983 1869 ἐδέσμευσε
1009 1823 1051 1855 G.
1159 1833 1208 1855 ιι.
1233 1821 1373 1859 τούτοις
1395 1819 1446 1862 G,
1472 1818 1623 1857 τούτους
1645 1819 1680 1852 P.

359 1870 410 1902 13.
436 1871 582 1915 ἐρεσίιις
598 1869 639 1901 G.
762 1869 811 1902 15.
838 1863 1088 1915 προεφθακώς
1111 1869 1154 1902 G.

263 1959 410 1981 numero
434 1948 609 1992 imposito,
634 1947 723 1981 duce
741 1948 831 1993 Opo.
859 1948 1097 1989 mandaverat,
1124 1948 1151 1980 si
1176 1948 1267 1980 forte
1291 1947 1430 1980 obviam
1456 1945 1559 1978 fieret
1581 1944 1684 1978 traii-

264 1996 391 2034 denti,
416 2006 567 2039 pugnam
593 1997 838 2028 committeret.
888 1994 1068 2036 'l‘zachas,
1093 1995 1216 2027 relicta
1241 2001 1353 2033 terra,
1377 1998 1472 2025 recta
1498 1993 1536 2024 in
1559 1991 1684 2024 Chium

264 2053 404 2075 cursum
429 2040 559 2085 dirigit.
590 2043 646 2074 cui
670 2041 768 2086 Opus
792 2042 908 2075 media
933 2048 1037 2076 nocte
1064 2041 1201 2075 obviam
1230 2041 1352 2079 factus,
1380 2051 1457 2072 cum
1480 2050 1571 2071 nova
1594 2049 1684 2084 qua-

266 2088 347 2121 dam
371 2089 507 2121 ratione
546 2088 688 2120 classem
716 2088 868 2122 hostium
905 2088 1111 2133 dispositam
1135 2093 1314 2127 cerneret,
1350 2085 1444 2131 (nam
1471 2091 1594 2118 eatena
1620 2095 1685 2129 pa-

266 2140 342 2168 rata
365 2135 586 2178 longissima,
627 2145 746 2167 omnes
781 2147 887 2168 naves
910 2137 1156 2180 colligaverat,
1190 2140 1230 2167 ut
1250 2145 1316 2166 nec
1340 2131 1602 2166 retrocedentes
1627 2130 1686 2164 fu-

265 2192 359 2227 gere,
387 2192 453 2214 nec
470 2181 499 2213 si
526 2182 587 2225 qui
613 2193 817 2222 procurrere
842 2182 988 2222 vellent,
1014 2182 1173 2215 ordinem
1206 2190 1429 2226 perrumpere
1453 2178 1630 2224 possent‚)
1655 2178 1685 2211 is

264 2229 372 2273 igitur
393 2227 573 2273 perculsus
592 2233 628 2260 et
642 2239 687 2261 ne
710 2228 877 2262 accedere
904 2229 1047 2274 quidem
1065 2239 1166 2261 ausus
1195 2228 1354 2272 propius,
1379 2226 1485 2259 versis
1510 2224 1686 2270 guberna-

267 2275 376 2315 culis,
401 2274 527 2308 Chium
552 2276 705 2319 repetiit.
765 2275 920 2309 Tzachas
957 2276 1149 2320 prudenter
1179 2281 1339 2314 secutus,
1367 2284 1439 2305 non
1466 2272 1604 2305 destitit
1626 2282 1687 2304 re-

266 2321 419 2365 migare3
455 2331 605 2365 cumque
643 2321 730 2354 Chio
767 2323 1112 2367 appropinquarent,
1138 2321 1235 2366 Opus
1270 2326 1410 2366 portum
1436 2319 1554 2360 urbis,
1579 2328 1686 2362 quem

267 2368 481 2402 Dalassenus
517 2373 621 2400 antea
653 2376 903 2413 occupaverat,
944 2371 1040 2414 prior
1076 2370 1250 2412 ingressus
1288 2373 1356 2409 εει,
1387 2366 1542 2400 Tzachas
1568 2369 1686 2397 autem

268 2419 527 2460 praetervectus
546 2413 663 2455 hunc,
689 2416 786 2448 cuius
812 2417 975 2456 memini,
1002 2416 1081 2450 Chii
1104 2420 1261 2460 portum,
1288 2413 1471 2446 moenibus
1507 2413 1594 2445 arcis
1619 2422 1686 2443 na-

269 2472 331 2495 ves
354 2461 521 2494 admovit.
547 2466 669 2506 quarta
694 2461 768 2494 dies
799 2462 1030 2496 hebdomadis
1057 2468 1141 2496 erat.
1167 2461 1339 2505 postridie
1368 2459 1512 2492 eductos
1535 2470 1554 2491 e
1585 2458 1688 2490 navi-

272 2508 338 2541 bus
363 2519 483 2541 omnes
510 2508 706 2541 numeravit
727 2515 837 2553 atque·
862 2510 900 2541 in
927 2509 1061 2542 tabulas
1096 2509 1228 2541 retulit.
1275 2508 1508 2546 Dalassenus,
1533 2503 1689 2550 oppidu-a

273 2556 347 2589 hun
371 2554 546 2601 quoddam
584 2556 701 2600 portui
743 2555 981 2600 propinquum
1014 2557 1256 2600 conspicatus,
1287 2555 1407 2586 avulso
1434 2553 1542 2597 priori
1569 2551 1686 2590 vallo,

273 2613 365 2634 nova
388 2601 432 2634 ad
454 2601 545 2635 illud
567 2606 719 2635 metatus
744 2607 797 2635 est
822 2608 932 2635 castra
952 2602 1114 2646 fossaque
1139 2603 1229 2634 iusta
1251 2600 1438 2634 altitudine
1455 2598 1616 2632 munivit.
1643 2608 1686 2630 eo

275 2649 391 2694 copias
418 2649 595 2684 universas
619 2649 807 2684 transtulit.
835 2654 1004 2694 sequente
1030 2648 1086 2681 die
1103 2653 1249 2694 uterque
1276 2648 1448 2681 exercitus
1473 2651 1624 2679 armatus
1647 2644 1684 2677 in
