1754 3086
201 99 239 153 6
644 118 827 162 ANNAE
865 118 1161 164 COMNENAE

200 220 384 274 ἐχθρούς
419 222 504 268 τοῖς
531 221 742 273 μεγίστοις
770 221 980 274 ἐπαίνοις,
1024 217 1122 263 ὅταν
1162 218 1213 262 αἶ’
1239 219 1409 276 πράξεις
1437 221 1650 268 ἀπαιτῶσι

200 288 353 338 τοῦτο,
405 283 605 333 πολλάκις
645 286 691 327 δὲ
717 286 903 340 ἐλέγχειν
948 285 1043 336 τούς
1075 285 1441 342 ἀναγκαιοτάτους,
1471 284 1574 332 ὅταν
1603 287 1652 333 αὖ

201 354 282 393 τῶν
327 347 673 406 ἐπιτηδευμάτων
714 350 920 407 ἁμαρτίαι
957 354 1075 394 τοῦθ)
1108 351 1428 396 ὑποδεικνύωσι.
1505 354 1648 411 διόπερ

105 413 294 459 V.2oz²›‘z-e
323 420 405 459 τῶν
434 420 570 473 φίλων
611 415 929 470 καθάπτεσθαι,
980 412 1079 459 οἵτε
1116 417 1218 467 τούς
1245 418 1431 474 ἐχθρούς
1461 421 1650 464 ἐπαινεῖν

198 482 404 539 ὀκνητέον.
474 483 554 539 ἐγώ
587 484 634 526 δὲ
664 485 738 526 καί
777 484 948 532 τούτους
976 482 1217 538 κάκείνους,
1246 488 1317 527 καί
1342 484 1442 535 τούς
1469 490 1684 542 πληττοοό

193 551 348 602 μένους
375 549 452 606 ὑφ’
478 549 599 606 ἦμῶν
626 548 700 591 καί
727 548 829 598 τοὺς
858 545 1195 604 ἀποδεχομένους
1227 550 1360 606 ἡμᾶς,
1390 555 1649 610 παραμυθη-

195 619 355 672 σαίμην
401 612 455 659 ἂν
496 613 579 659 ἀπὸ
610 619 696 659 τῶν
732 613 989 672 πραγμάτων
1023 617 1166 658 αὐτῶν
1193 615 1267 658 καί
1294 618 1379 659 τῶν
1404 614 1649 674 ἑωρακότων

195 681 249 724 τὰ
279 680 506 739 πράγματα
528 715 541 735 ,
583 680 741 733 αΰτούς
780 699 824 726 τε
865 682 938 725 καὶ
976 681 1030 725 τοὶ
1061 680 1289 737 πράγματα
1325 686 1647 741 μαρτυραμένη.

196 750 318 792 ἐνίων
345 747 427 804 γὰρ
473 751 556 792 τῶν
582 751 657 792 νῦν
685 743 817 792 ὅντων
845 747 1083 804 ἀνθρώπων
1110 747 1150 791 οἱ
1194 749 1273 803 μὲν
1308 750 1503 806 πατέρες,
1533 747 1574 793 οἱ
1601 752 1649 794 δὲ

196 814 361 857 πάπποι
390 816 575 870 ἐγένοντο
603 813 641 857 οἷ
671 814 833 857 τούτων
858 816 1117 869 συνίστορες.
1665 810 1727 873 ιοὲ

307 885 345 928 3.
402 879 610 924 Μάλιστα
634 882 681 924 δὲ
715 883 775 931 εἷς
802 879 878 937 τὴν
917 879 1107 938 ἱστορίαν
1133 878 1321 937 ἐλήλυθα
1347 883 1430 925 τῶν
1459 883 1539 924 τοῦ
1565 895 1651 925 πα·
1726 872 1729 876 ⁴

191 946 294 1002 τρὸς
333 946 525 1003 πράξεων
564 948 619 995 ε’κ,
645 948 817 990 τοιᾶσδε
863 945 1016 995 αἰτίας.
1092 946 1189 1001 ἐμοὶ
1216 947 1323 1003 οἷνὴρ
1353 949 1515 1002 ἐγένετο
1542 945 1648 990 κατὰ

192 1011 351 1066 νόμους
378 1011 617 1069 συναφθεὶς
644 1013 668 1054 ὅ
701 1016 879 1068 Καῖσαρ
906 1011 1183 1093 Νικηφόρος,
1227 1015 1288 1063 εἷς
1315 1012 1392 1068 τὴν
1419 1014 1504 1055 τῶν
1529 1016 1651 1069 Βρυ-

191 1081 338 1122 εννίων
377 1076 526 1134 σειρὰν
568 1077 848 1133 ἀναγόμενος,
891 1076 997 1133 ἀνὴρ
1029 1095 1100 1121 και
1135 1077 1316 1128 κάλλους
1341 1078 1551 1136 ὑπερβολῇ
1577 1095 1651 1122 και

193 1148 400 1195 συνέσεως
427 1142 629 1202 οἷκρότητι
648 1148 723 1188 και
740 1143 872 1223 λόγων
891 1144 1083 1202 ακριβεία
1108 1146 1257 1202 μακρῷ
1276 1145 1373 1196 τοὺς
1399 1149 1491 1188 κατ’
1519 1142 1649 1188 αὐτὸν
1666 1161 1680 1188 ι

192 1211 490 1267 ὑπερβάλλων.
556 1213 709 1266 θαῦμα
754 1211 838 1267 γὰρ
878 1206 931 1267 ἦν
970 1227 1167 1267 αντικρυς
1209 1228 1280 1254 και
1324 1227 1534 1268 ορωμενος
1569 1210 1653 1256 καὶ
1731 1206 1733 1210 ⁴

195 1277 473 1333 ἀκροώμενος.
543 1293 616 1320 και
655 1277 725 1320 ι’να
752 1276 814 1333 μὴ
844 1277 868 1319 ὅ
895 1277 1018 1332 λόγος
1043 1280 1119 1333 τῆς
1146 1277 1372 1334 λεωφόρου
1400 1279 1649 1334 ἐκτρέποιτο,

193 1341 242 1385 τὸ
282 1342 421 1399 παρὸν
460 1345 544 1386 ταῖν
575 1345 727 1400 ἐφεξῆς
761 1342 980 1398 ἐχώμεθα.
1036 1338 1090 1398 ἦν
1119 1345 1197 1397 μὲν
1225 1339 1302 1386 οὖν
1328 1345 1374 1386 ἐν
1401 1345 1530 1386 πᾶσιν
1558 1345 1652 1387 ἒπι-

195 1413 483 1466 φανέστατος,
525 1411 858 1465 συνεστράτευσε
889 1411 927 1452 δ’
952 1405 1124 1467 Ἰωάννῃ
1158 1411 1214 1467 τῷ
1253 1408 1536 1466 αὐτοκράτορι
1559 1410 1651 1467 ἐμῷ

112 1476 367 1534 Ρ,4οἷὸελφῷ
399 1477 474 1518 καί
498 1480 586 1518 κατ’
617 1472 754 1518 ἄλλων
787 1478 868 1529 μὲν
889 1473 1117 1531 βαρβάρων
1146 1505 1481 1518 ........
1507 1473 1685 1529 §joma
1710 1475 1712 1478 ’

194 1540 272 1597 τὴν
307 1539 526 1596 Ἀντιόχου
563 1539 696 1584 πόλιν.
771 1543 862 1583 ἀλλ’
885 1537 910 1583 ὅ
940 1556 987 1596 γε
1014 1545 1189 1598 Καῖσαρ
1221 1540 1298 1583 οὐκ
1325 1539 1448 1591 εἰδώς
1479 1540 1650 1595 α’μελεῖν

288 1670 321 1692 2.
348 1659 390 1695 δὲ
419 1660 581 1706 ἐλέγχειν
617 1658 646 1692 A
695 1670 775 1693 cum
809 1659 983 1703 Polybio,
1017 1659 1051 1694 δ’
1087 1659 1250 1706 ἐλέγχειν
1283 1658 1475 1693 Hoeschel.
1615 1661 1647 1694 3.

285 1707 352 1742 τοῦ
379 1709 468 1742 καθ’
502 1706 691 1743 ὑποδεικν.
717 1708 766 1748 Λ,
792 1706 890 1739 unde
914 1706 1096 1740 Iacobsius
1130 1707 1156 1742 l.
1185 1707 1209 1739 l.
1233 1706 1340 1742 τοῦτο
1363 1706 1649 1748 καθυποὸεικν..

285 1754 418 1788 rectius
445 1753 638 1788 Hoeschel.
663 1754 767 1788 τοῦθ’
791 1752 981 1790 υποδεικν.
1009 1752 1108 1799 quod
1142 1753 1285 1798 Polybii
1323 1758 1388 1787 est.
1526 1755 1562 1788 6
1586 1755 1648 1801 ἐφ’
1727 1771 1730 1773 ·

285 1801 378 1848 ἡμῖν
400 1803 452 1843 A,
478 1813 546 1835 em.
572 1801 761 1835 Hoeschel.
949 1803 983 1835 8.
1006 1802 1292 1848 μαρτυρουμένη
1316 1800 1504 1835 Hoeschel.
1515 1826 1526 1844 ,
1548 1812 1651 1848 μαρ-
1711 1800 1741 1843 {⁴-

286 1851 474 1896 τυραμένη
497 1850 540 1885 Α.
641 1859 692 1893 17.
715 1849 798 1883 καὶε
822 1859 869 1882 an
895 1847 986 1883 αλλ’.
976 1847 992 1871 '¹’
1086 1857 1143 1881 20.
1167 1848 1325 1884 indicavi
1348 1847 1522 1882 lacunam.
1714 1851 1717 1854 ⁴

195 1945 259 1976 rici
286 1947 406 1988 partes
431 1943 600 1988 suscepit,
626 1953 707 1976 eum
732 1948 898 1988 oportet,
924 1942 1000 1976 odii
1032 1943 1169 1988 pariter
1190 1954 1231 1976 ac
1258 1941 1370 1976 studii
1394 1943 1648 1985 immemorem,
1706 1950 1719 1979 ἱ,
1752 1946 1754 1948 ’

196 1990 321 2024 hostes
350 2000 457 2035 saepe
485 1990 650 2023 maximis
679 1990 850 2024 laudibus
889 2001 1037 2031 ornare,
1062 1990 1126 2023 ubi
1150 1990 1189 2022 id
1212 1990 1306 2023 facta
1330 2000 1453 2023 eorum
1477 1991 1648 2035 exigunt,

194 2048 302 2082 saepe
327 2037 435 2070 etiam
459 2036 727 2082 reprehendere
754 2038 970 2071 necessitate
995 2037 1316 2078 coniunctissimos,
1337 2047 1416 2069 cum
1439 2037 1594 2071 admissa
1607 2038 1649 2072 in
1703 2049 1710 2058 ·

193 2083 304 2117 rebus
331 2084 507 2128 susceptis
551 2089 701 2129 peccata
734 2084 873 2117 iubent.
898 2089 1119 2130 quapropter
1155 2088 1192 2117 et
1215 2082 1407 2117 accusandi
1433 2089 1518 2118 sunt
1541 2085 1647 2118 amici
1706 2084 1718 2115 s

195 2136 234 2164 et
258 2131 395 2164 inimici
412 2130 489 2163 sine
513 2131 744 2164 cunctatione
768 2131 949 2164 laudandi.
973 2142 1037 2175 ego
1066 2140 1150 2165 vero
1178 2135 1363 2176 utrosque,
1386 2135 1424 2164 et
1447 2133 1602 2165 offensos
1626 2142 1648 2165 a
1718 2172 1719 2175 Ἴ

194 2190 252 2212 me
279 2183 316 2211 et
339 2177 474 2223 quibus
509 2177 704 2222 placuero,
735 2178 962 2223 acquiescere
986 2177 1094 2210 iubeo
1119 2177 1157 2209 in
1190 2189 1307 2210 rerum
1329 2179 1487 2223 ipsarum
1511 2189 1647 2224 easque
1707 2208 1709 2210 .

195 2225 438 2270 spectantium
465 2225 696 2266 testimonio,
722 2236 794 2270 quo
818 2236 883 2258 usa
913 2237 1001 2258 sum.
1028 2224 1168 2269 aliquot
1196 2224 1312 2266 enim,
1337 2225 1401 2270 qui
1418 2235 1517 2259 nunc
1537 2230 1646 2269 suut,
1708 2259 1711 2261 ,

197 2271 385 2305 hominum
408 2270 468 2304 vel
495 2276 615 2316 patres
642 2272 701 2305 vel
727 2272 783 2305 avi
811 2272 885 2306 suis
908 2272 972 2305 illa
996 2271 1108 2304 oculis
1132 2270 1312 2305 viderunt.
1706 2269 1719 2283 ³

291 2319 323 2352 3.
350 2318 508 2351 Maxime
527 2324 656 2359 autem,
685 2324 725 2352 ut
750 2319 861 2364 patris
884 2319 956 2352 mei
975 2329 1029 2351 res
1053 2323 1170 2363 gestas
1189 2317 1465 2352 conscribendas
1484 2319 1647 2365 suscipe-

197 2376 283 2407 rem,
305 2364 395 2398 haec
419 2376 477 2398 me
500 2375 604 2398 causa
621 2365 776 2410 impulit.
799 2366 946 2399 maritus
970 2365 1058 2398 mihi
1083 2365 1153 2398 fuit
1175 2364 1337 2409 legitime
1356 2366 1568 2400 coniunctus
1579 2366 1647 2400 Ni-
1708 2371 1715 2379 ‘⁴

197 2413 371 2458 ccphorus
394 2411 544 2453 Caesar,
570 2413 861 2456 eBryenniorum
889 2413 1001 2458 stirpe
1029 2411 1214 2453 oriundus,
1238 2414 1291 2445 vir
1314 2417 1351 2445 et
1379 2412 1516 2445 formae
1539 2414 1646 2457 prai-
1705 2415 1708 2438 ’-

197 2460 332 2493 stantia
365 2463 402 2493 et
441 2459 581 2492 consilii
618 2460 655 2492 vi
683 2465 720 2492 et
754 2465 918 2493 accurata
955 2459 1119 2493 doctrina
1142 2458 1393 2504 ,aequalibus
1411 2459 1644 2495 antecellens.
1711 2501 1714 2503 Δ

196 2507 367 2539 mirificus
406 2517 549 2551 prorsus
583 2505 690 2539 homo
726 2512 822 2548 erat,
860 2507 936 2540 sive
974 2505 1202 2551 spectabatur
1228 2506 1302 2539 sive
1328 2505 1555 2542 audiebatur.
1578 2507 1644 2541 sed

197 2565 243 2586 ne
271 2554 386 2587 oratio
411 2564 431 2585 a
454 2553 513 2587 via
535 2552 722 2593 deflectat,
757 2554 826 2586 iam
855 2553 952 2599 quod
975 2553 1197 2598 propositum
1223 2558 1302 2594 est,
1328 2553 1497 2586 dicamus.
1520 2553 1552 2587 is
1574 2554 1644 2599 igi-
1704 2561 1706 2565 “

197 2606 256 2633 tur
280 2612 360 2633 cum
386 2600 480 2633 inter
501 2611 624 2633 omnes
653 2604 840 2646 tantopere
867 2605 1084 2645 praestaret,
1110 2600 1318 2644 imperatori
1342 2599 1511 2642 Iohanni,
1539 2601 1643 2635 fratri
1708 2606 1724 2628 ⁴·

198 2658 296 2688 meo,
323 2659 467 2692 operam
493 2647 636 2680 navavit
660 2647 699 2679 in
727 2646 1040 2693 expeditionibus,
1069 2658 1156 2691 quas
1183 2658 1261 2679 cum
1284 2647 1322 2680 in
1347 2647 1435 2680 alios
1460 2646 1642 2689 barbaros,
1703 2669 1707 2672 -

199 2700 274 2728 tum
303 2694 469 2730 adversus
495 2694 598 2736 illos,
626 2695 688 2743 qui
713 2694 941 2730 Antiochiam
977 2699 1125 2734 tenent,
1152 2694 1319 2740 suscepit.
1346 2700 1381 2728 at
1408 2694 1552 2736 Caesar,
1578 2695 1646 2740 qui
