1754 3086
257 64 371 121 350
718 81 899 124 ANNAE
937 81 1229 126 COMNENAE

253 183 470 235 οὐδαμῶς,
508 176 662 234 ὀδύνην
691 181 738 222 δὲ
780 182 1015 238 ἐνεποίησεν
1043 181 1288 238 α’νήκεστον,
1315 179 1406 240 ἥτις
1431 185 1502 228 ἐπὶ
1528 191 1690 240 πολλοῖς
1750 195 1751 198 ’

113 256 153 290 V.
175 257 237 293 158
251 251 450 302 διέμεινεν
480 246 594 302 αὐτῷ
625 244 767 288 ἔτεσιν.
798 248 869 290 διὰ
895 250 1018 290 τοῦτο
1048 249 1119 291 ἐπὶ
1146 251 1341 294 τοσοῦτον
1365 255 1584 307 βιασθείς,
1616 256 1691 312 τῆν

247 315 433 369 σημαίαν
459 314 720 367 περιστείλας
757 311 801 356 ἔν
828 330 910 356 τινι
947 316 1031 356 τῶν
1071 315 1351 371 χαμαιδρύων
1391 322 1687 376 κατατιθησιν,

249 379 305 429 ὥς
333 380 478 435 μηκέτι
507 378 691 430 δρᾶσθαι
719 377 834 434 παρά
863 395 956 422 του.
1015 374 1134 430 οὗτος
1161 383 1208 423 δὲ
1231 383 1301 425 διὰ
1330 387 1403 438 τῆς
1426 384 1574 436 νυκτὸς
1602 389 1688 429 διε-

245 443 364 500 σώθη
389 446 449 493 εἰς
475 446 516 486 Γ
515 442 660 499 ολόην·
720 441 790 486 ὅτε
823 445 896 488 καί
920 443 1058 500 ἔλεγον
1087 445 1126 488 οἱ
1152 452 1318 491 πολῖται
1337 450 1444 492 “dud
1475 449 1554 507 τήν
1583 454 1723 509 Δρι’-5

243 527 375 566 στραν
401 512 462 560 εἰς
479 513 521 553 Γ
520 506 640 566 ολόην
659 509 787 552 καλὸν
817 507 1041 567 ἄπληκτον,
1075 515 1308 570 Κομνηνέ.”
1363 518 1435 558 καί
1458 520 1556 571 μεθ’
1583 519 1686 574 ἧμέ-
1713 514 1717 517 ’

111 583 145 616 Ρ.
169 594 232 629 ¹99
243 592 320 632 ρας
348 575 597 630 καταλαβών
632 574 706 632 τήν
734 577 917 634 Βερόην,
960 580 1217 635 διεκαρτέρει
1256 581 1465 634 πρίασθαι
1490 585 1587 635 τούς
1615 587 1686 627 δο·

245 641 488 697 ρὐαλοότους
501 643 672 685 ἐθέλων.

352 710 390 762 4.
441 709 488 751 Ὁ
517 710 563 750 δὲ
585 708 876 763 Παλαιολόγος
905 711 951 752 ἐν
981 712 1042 767 τῷ
1069 709 1238 767 φεύγειν
1258 714 1340 755 ταῖν
1365 715 1584 770 ταγμάτων
1610 716 1684 772 ἧτ-

241 777 449 830 τηθέντων
491 774 597 817 κατὰ
643 775 717 829 την
746 775 907 830 ἡμέραν
937 778 1096 832 ἐκείνην
1135 781 1398 832 κατενεχθεὶς
1424 782 1500 823 τοῦ
1527 780 1682 835 ἵππου,
1700 799 1731 827 11

240 840 431 883 α’πώλεσε
457 842 629 883 τοῦτον·
686 843 732 884 ἐν
757 842 971 900 ἀμηχανίᾳ
996 844 1042 884 δὲ
1071 839 1128 885 ὢν
1155 846 1228 886 καί
1252 844 1324 886 τὸν
1353 846 1538 889 κίνδυνον
1565 845 1683 890 ἱστά-

233 921 359 959 μενον
385 903 492 962 ὖπὲρ
535 908 722 963 κεφαλῆς
759 907 898 963 ὁρῶν,
941 907 1254 965 περιαθρήσας,
1281 909 1326 953 εἴ
1344 926 1425 953 που
1451 911 1608 966 γένοιτό
1642 913 1682 955 οἱ

233 976 379 1018 τοῦτον
422 973 688 1026 θεάσασθαι,
729 971 805 1031 ὁρᾷ
846 972 920 1016 τὸν
963 977 1036 1029 τῆς
1063 976 1335 1032 Χαλκηδόνος
1363 978 1564 1034 πρόεδρον
1591 982 1683 1022 Λέ-

232 1058 358 1095 οντα,
394 1042 494 1095 περὶ
539 1034 593 1081 οὗ
617 1034 779 1083 ἄνωθεν
819 1038 1116 1096 ἐμνήσθημεν,
1156 1041 1232 1098 τὴν
1277 1041 1491 1099 ἱερατικὴν
1527 1045 1680 1100 στολήν

231 1103 541 1165 ἠμφιεσμένον,
593 1106 718 1150 ἵππον
757 1105 1000 1150 ἐπιδιδόντα
1039 1109 1155 1166 αὐτῷ
1171 1140 1184 1164 ,
1220 1110 1265 1151 ἐν
1291 1103 1326 1168 ᾧ
1369 1108 1518 1164 ἐπιβὰς
1543 1108 1678 1165 εἴχετο
1696 1117 1734 1158 15

227 1177 298 1230 τῆς
329 1177 489 1232 φυγῆς·
563 1172 635 1216 τὸν
665 1175 712 1216 δὲ
754 1172 984 1230 ἱεροπρεπῆ
1018 1175 1171 1217 ἐκεῖνον
1199 1169 1334 1231 ἄνδρα
1365 1177 1503 1218 ου’κέτι
1529 1178 1679 1219 τεθέα-

189 1258 311 1294 Βται.
368 1237 420 1297 ἦν
447 1243 483 1284 δ’
511 1237 596 1296 ἄρα
626 1235 744 1291 οὗτος
770 1239 1122 1296 παρρησιαστικός
1160 1239 1236 1296 την
1264 1239 1409 1296 ψυχήν
1437 1240 1510 1284 καὶ
1535 1238 1679 1298 ἀληθῆ

225 1309 477 1364 χαρακτῆρα
506 1309 725 1363 ἐμφαίνων
752 1308 1004 1361 ἀρχιερέως,
1040 1307 1308 1362 φρονήματος
1338 1309 1482 1361 μέντοι
1506 1305 1679 1353 ἁπαλω-

227 1377 351 1429 τέρου
381 1373 456 1415 καί
490 1372 562 1416 τὸν
601 1375 722 1428 ζῆλον
750 1371 863 1415 ἔστιν
891 1367 942 1413 οὗ
972 1374 1025 1413 ου’
1051 1376 1140 1414 κατ’
1170 1374 1390 1427 ἐπίγνωσιν
1417 1374 1678 1428 ἐνδεικνύμε-

227 1455 322 1491 νος,
352 1441 427 1482 καί
452 1441 553 1481 ου’δὲ
589 1440 674 1481 τῶν
717 1437 843 1493 ἱερῶν
872 1439 1054 1480 κανόνων
1095 1438 1248 1493 ἀκριβῆ
1273 1442 1424 1494 γνῶσιν
1454 1436 1556 1494 εἶχε.
1611 1437 1676 1482 διὸ
1690 1457 1734 1485 20

227 1508 300 1548 καί
328 1502 432 1563 ἅπερ
476 1502 643 1548 ἄνωθεν
682 1502 851 1560 εἴρηται
883 1501 1189 1548 συνεπεπτώκει
1230 1507 1346 1564 αὐτῷ
1375 1507 1540 1562 λυπηρά
1562 1537 1576 1562 ,
1604 1509 1678 1548 καὶ

319 1639 353 1662 2.
385 1627 484 1674 αὐτῷ
508 1639 577 1661 om.
604 1628 649 1669 A,
687 1628 807 1663 ἔτεσιν
833 1625 933 1674 αὐτῷ
958 1626 1002 1660 G.
1146 1627 1179 1672 4.
1198 1629 1295 1674 παρ’·
1317 1626 1432 1662 αὐτοῦ
1455 1628 1496 1661 A.
1637 1629 1670 1663 5.

323 1673 381 1712 ὅτε
406 1695 454 1701 —-
478 1677 658 1723 Κομνηνέ
682 1674 762 1722 add.
787 1674 828 1708 A.
896 1715 904 1728 1
970 1685 1016 1707 an
1042 1671 1156 1710 3³27?
1281 1677 1342 1717 τῆς
1366 1677 1554 1724 Δρίστρας
1576 1677 1671 1709 male

321 1722 414 1757 coni.
444 1722 636 1757 Hoeschel.
744 1724 778 1757 6.
805 1723 933 1757 καλλον
956 1721 1003 1762 Α,
1031 1722 1184 1755 correxit
1209 1721 1398 1756 Hoeschel.
1522 1726 1572 1761 13.
1597 1735 1672 1758 τοι-

319 1769 430 1806 οῦτον
451 1770 493 1803 Α.
616 1770 669 1814 14.
694 1772 783 1815 περὶ
806 1781 876 1804 om.
897 1769 940 1802 G.
1058 1767 1228 1805 ἅνωθενε
1248 1768 1406 1806 ὄπισθεν
1427 1771 1469 1804 A.
1617 1771 1668 1805 15.

320 1822 405 1851 ante
430 1817 549 1854 ἵππον
575 1816 656 1851 add.
682 1816 713 1850 A
736 1819 811 1852 καὶ.
960 1816 1011 1851 18.
1041 1816 1119 1860 lege
1147 1816 1393 1864 ἅπλοωτέρου.
1546 1827 1596 1860 19.
1624 1815 1668 1851 οὗ

318 1876 390 1899 0111.
417 1863 461 1897 G.

228 1961 306 1995 eius
333 1959 583 2006 percussisset:
610 1958 751 1992 tametsi
787 1963 904 1992 cutem
935 1969 1008 1992 non
1039 1959 1252 2004 perforavit,
1280 1959 1517 2003 gravissimum
1539 1959 1670 1995 inussit

228 2007 409 2048 dolorem,
434 2006 498 2052 qui
524 2006 656 2039 multos
681 2005 847 2051 deinceps
873 2017 985 2039 annos
1015 2005 1163 2040 duravit.
1194 2005 1336 2040 taudem
1361 2006 1428 2040 hac
1451 2018 1487 2039 re
1512 2012 1667 2048 coactus,

224 2055 399 2088 vexillum
421 2053 670 2100 complicatum
696 2053 734 2086 in
761 2054 935 2097 trixagine
962 2054 1099 2098 posuit,
1125 2059 1166 2087 ut
1207 2065 1227 2086 a
1255 2053 1399 2087 nemine
1427 2053 1497 2086 iam
1522 2054 1667 2098 00113Ρῖ-

226 2107 376 2135 ceretur.
417 2100 495 2146 ipse
523 2106 698 2133 nocturna
722 2101 804 2144 fuga
829 2100 968 2133 Goloeu
992 2100 1180 2133 incolumis
1206 2101 1388 2145 pervenit3
1421 2099 1517 2133 unde
1559 2101 1667 2134 etiam

225 2149 318 2182 cives
361 2148 532 2180 “Dristra
558 2148 710 2191 fugienti
737 2147 872 2180 bellum
901 2146 1130 2181 diversorium
1166 2147 1300 2189 Goloe,
1334 2148 1545 2182 Comnene.”
1587 2147 1668 2181 luce

226 2200 328 2236 orta,
353 2195 490 2228 Beroen
514 2200 698 2240 pervectus
714 2219 723 2235 ,
749 2195 903 2239 captivos
929 2194 1124 2228 redimendi
1149 2195 1259 2238 gratia
1281 2195 1331 2227 ibi
1358 2196 1560 2240 permansit.

319 2242 352 2286 4.
368 2241 599 2285 palaeologus
619 2247 749 2281 autem,
768 2242 863 2275 inter
885 2242 1102 2286 fugiendum,
1119 2241 1303 2275 ordinibus
1321 2241 1512 2287 dissipatis,
1537 2253 1579 2275 eo
1606 2241 1666 2274 die

227 2298 321 2334 equo
345 2287 504 2322 deiectus
519 2313 528 2329 ,
554 2288 650 2322 hunc
674 2289 810 2332 amisit;
835 2300 986 2335 cumque
1014 2290 1052 2322 in
1087 2290 1228 2324 summis
1255 2290 1424 2333 angustiis
1451 2294 1544 2322 esset
1567 2289 1667 2335 peri-

226 2336 419 2382 culumque
444 2335 554 2380 capiti
574 2335 781 2381 impendere
807 2342 988 2377 cerneret,
1014 2337 1310 2382 circumspiciens,
1342 2337 1369 2369 si
1397 2336 1488 2370 forte
1511 2335 1575 2369 ille
1600 2346 1667 2380 ap-

223 2388 388 2429 pareret,
425 2381 525 2416 videt
559 2393 638 2415 ecce
674 2383 997 2416 chalcedonensem
1028 2384 1227 2429 praesulem
1258 2385 1437 2424 Leonem,
1469 2383 1568 2417 euius
1604 2394 1666 2415 su-

224 2440 289 2475 pra
326 2430 566 2470 meminimus,
604 2429 814 2462 sacerdotali
848 2430 1013 2463 indutum
1050 2431 1164 2472 stola,
1202 2442 1331 2476 equum
1359 2431 1425 2475 ipsi
1454 2429 1548 2463 ultro
1574 2431 1665 2462 offe-

225 2481 383 2519 rentem3
409 2487 480 2522 quo
511 2476 574 2509 ille
599 2487 813 2517 conscenso,
840 2477 960 2520 fugere
985 2479 1162 2522 perrexit:
1187 2483 1345 2511 sanctum
1363 2478 1467 2510 istum
1484 2475 1664 2509 hominem

223 2535 298 2557 non
322 2524 474 2569 amplius
492 2524 687 2569 conspexit»
713 2528 788 2556 erat
811 2524 840 2556 is
858 2535 941 2556 sane
966 2525 1083 2558 animo
1108 2526 1165 2558 vel
1178 2526 1328 2557 maxime
1342 2525 1498 2568 ingenuo
1523 2534 1661 2556 veram-

223 2581 292 2616 que
317 2569 509 2605 sacerdotis
534 2571 686 2616 speciem
701 2570 921 2616 praestabat3
947 2582 1150 2617 quanquam
1177 2572 1400 2617 simplicioris
1425 2575 1501 2604 erat
1521 2570 1662 2609 mentis,

222 2618 411 2664 zelumque
452 2629 711 2664 nonnunquam
731 2616 832 2650 haud
869 2616 1062 2650 secundum
1087 2619 1269 2652 scientiam
1296 2617 1527 2658 ostendebat,
1550 2627 1591 2649 ac
1614 2626 1661 2648 ne

223 2674 398 2701 canonum
415 2664 561 2713 quidem
573 2676 749 2701 sacrorum
769 2669 926 2700 exactam
939 2662 1094 2698 habebat
1117 2666 1292 2700 notitiam.
1317 2665 1402 2699 hine
1424 2665 1542 2705 etiam,
1567 2672 1662 2710 quae
